% $Id: SLR.bib 3088 2012-10-23 20:20:17Z nkraft $

@inproceedings{AllysonFHadwin_et_al_2006,
  booktitle    = "IEEE International Conference on Advanced Learning Technologies",
  author       = "Allyson F. Hadwin and Carmen L. Z. Gress and Jessica Page",
  title        = "Toward Standards for Reporting Research: {A} Review of the Lliterature on Computer-Supported Collaborative Learning",
  address      = "Los Alamitos, CA, USA",
  pages        = "1007--1011",
  ISBN         = "0-7695-2632-2",
  year         = "2006",
  doi          = "http://doi.ieeecomputersociety.org/10.1109/ICALT.2006.324",
  publisher    = "IEEE Computer Society",
}

@inproceedings{KjetilMolkkenstvold_et_al_2004,
  booktitle    = "IEEE International Symposium on Software Metrics",
  author       = "Kjetil Molokken-Ostvold and Magne Jorgensen and Sinan S. Tanilkan and Hans Gallis and Anette C. Lien and Siw E. Hove",
  title        = "A Survey on Software Estimation in the Norwegian Industry",
  ISSN         = "1530-1435",
  address      = "Los Alamitos, CA, USA",
  pages        = "208--219",
  year         = "2004",
  doi          = "http://doi.ieeecomputersociety.org/10.1109/METRIC.2004.1357904",
  publisher    = "IEEE Computer Society",
}

@Article{MagneJrgensen_et_al_2007,
  journal      = "IEEE Transactions on Software Engineering",
  author       = "Magne Jorgensen and Martin Shepperd",
  title        = "A Systematic Review of Software Development Cost Estimation Studies",
  ISSN         = "0098-5589",
  address      = "Los Alamitos, CA, USA",
  pages        = "33--53",
  volume       = "33",
  year         = "2007",
  doi          = "http://doi.ieeecomputersociety.org/10.1109/TSE.2007.3",
  publisher    = "IEEE Computer Society",
}

@InProceedings{BHaugset_et_al_2008,
  author       = "B. Haugset and G. K. Hanssen",
  title        = "Automated Acceptance Testing: {A} Literature Review and an Industrial Case Study",
  keywords     = "agile software development;automated acceptance testing;program testing;software development management;",
  ISSN         = "",
  pages        = "27--38",
  volume       = "",
  month        = aug,
  number       = "",
  year         = "2008",
  booktitle    = "AGILE'08",
  doi          = "10.1109/Agile.2008.82",
}

@Article{WasifAfzal_et_al_2009,
  journal      = "Information and Software Technology",
  author       = "Wasif Afzal and Richard Torkar and Robert Feldt",
  title        = "A systematic review of search-based testing for non-functional system properties",
  pages        = "957--976",
  month        = jun,
  volume       = "51",
  year         = "2009",
  number       = "6",
  doi          = "10.1016/j.infsof.2008.12.005",
  URL          = "http://dx.doi.org/10.1016/j.infsof.2008.12.005",
  publisher    = "Elsevier",
}

@Article{AldeidaAleti_et_al_2012,
  journal      = "IEEE Transactions on Software Engineering",
  author       = "Aldeida Aleti and Barbora Buhnova and Lars Grunske and Anne Koziolek and Indika Meedeniya",
  title        = "Software Architecture Optimization Methods: {A} Systematic Literature Review",
  pages        = "1--1",
  year         = "2012",
  doi          = "10.1109/TSE.2012.64",
  URL          = "http://dx.doi.org/10.1109/TSE.2012.64",
  publisher    = "Institute of Electrical and Electronics Engineers",
}

@Article{MuhammadSarmadAli_et_al_2010,
  journal      = "Information and Software Technology",
  author       = "Muhammad Sarmad Ali and Muhammad Ali Babar and Lianping Chen and Klaas-Jan Stol",
  title        = "A systematic review of comparative evidence of aspect-oriented programming",
  pages        = "871--887",
  month        = sep,
  volume       = "52",
  year         = "2010",
  number       = "9",
  doi          = "10.1016/j.infsof.2010.05.003",
  URL          = "http://dx.doi.org/10.1016/j.infsof.2010.05.003",
  publisher    = "Elsevier",
}

@Article{ShaukatAli_et_al_2010,
  journal      = "IEEE Transactions on Software Engineering",
  author       = "Shaukat Ali and Lionel C. Briand and Hadi Hemmati and Rajwinder Kaur Panesar-Walawege",
  title        = "A Systematic Review of the Application and Empirical Investigation of Search-Based Test Case Generation",
  pages        = "742--762",
  month        = nov,
  volume       = "36",
  year         = "2010",
  number       = "6",
  doi          = "10.1109/TSE.2009.52",
  URL          = "http://dx.doi.org/10.1109/TSE.2009.52",
  publisher    = "Institute of Electrical and Electronics Engineers",
}

@Article{VanderAlves_et_al_2010,
  journal      = "Information and Software Technology",
  author       = "Vander Alves and Nan Niu and Carina Alves and George Valenca",
  title        = "Requirements engineering for software product lines: {A} systematic literature review",
  pages        = "806--820",
  month        = aug,
  volume       = "52",
  year         = "2010",
  number       = "8",
  doi          = "10.1016/j.infsof.2010.03.014",
  URL          = "http://dx.doi.org/10.1016/j.infsof.2010.03.014",
  publisher    = "Elsevier",
}

@Article{ApostolosAmpatzoglou_et_al_2010,
  journal      = "Information and Software Technology",
  author       = "Apostolos Ampatzoglou and Ioannis Stamelos",
  title        = "Software engineering research for computer games: {A} systematic review",
  pages        = "888--901",
  month        = sep,
  volume       = "52",
  year         = "2010",
  number       = "9",
  doi          = "10.1016/j.infsof.2010.05.004",
  URL          = "http://dx.doi.org/10.1016/j.infsof.2010.05.004",
  publisher    = "Elsevier",
}

@Inproceedings{XuBai_et_al_2011,
  author       = "Xu Bai and He Zhang and LiGuo Huang",
  title        = "Empirical Research in Software Process Modeling: {A} Systematic Literature Review",
  pages        = "339--342",
  ISBN         = "9781-457-7220-3-5",
  month        = sep,
  year         = "2011",
  booktitle    = "International Symposium on Empirical Software Engineering and Measurement",
  doi          = "10.1109/ESEM.2011.43",
  URL          = "http://dx.doi.org/10.1109/ESEM.2011.43",
  publisher    = "Institute of Electrical and Electronics Engineers",
}

@Inproceedings{JohnBailey_et_al_2007,
  author       = "John Bailey and David Budgen and Mark Turner and Barbara Kitchenham and Pearl Brereton and Stephen Linkman",
  title        = "Evidence relating to Object-Oriented software design: {A} survey",
  pages        = "482--484",
  ISBN         = "978-0-7695-2886-1",
  month        = sep,
  year         = "2007",
  booktitle    = "First International Symposium on Empirical Software Engineering and Measurement (ESEM 2007)",
  doi          = "10.1109/ESEM.2007.58",
  URL          = "http://dx.doi.org/10.1109/ESEM.2007.58",
  publisher    = "Institute of Electrical and Electronics Engineers",
}

@inproceedings{ZeinabAlizadehBarmi_et_al_2011,
  author       = "Zeinab Alizadeh Barmi and Amir Hossein Ebrahimi and Robert Feldt",
  title        = "Alignment of Requirements Specification and Testing: {A} Systematic Mapping Study",
  pages        = "476--485",
  ISBN         = "9781-457-7001-9-4",
  month        = mar,
  year         = "2011",
  booktitle    = "IEEE Fourth International Conference on Software Testing, Verification and Validation Workshops",
  doi          = "10.1109/ICSTW.2011.58",
  URL          = "http://dx.doi.org/10.1109/ICSTW.2011.58",
  publisher    = "Institute of Electrical and Electronics Engineers",
}

@Article{SarahBeecham_et_al_2008,
  journal      = "Information and Software Technology",
  author       = "Sarah Beecham and Nathan Baddoo and Tracy Hall and Hugh Robinson and Helen Sharp",
  title        = "Motivation in Software Engineering: {A} systematic literature review",
  pages        = "860--878",
  month        = aug,
  volume       = "50",
  year         = "2008",
  number       = "9-10",
  doi          = "10.1016/j.infsof.2007.09.004",
  URL          = "http://dx.doi.org/10.1016/j.infsof.2007.09.004",
  publisher    = "Elsevier",
}

@Article{CARLOGABRIELPORTOBELLINI_et_al_2008,
  journal      = "International Journal of Software Engineering and Knowledge Engineering",
  author       = "CARLO GABRIEL PORTO Bellini and RITA DE CaSSIA DE FARIA Pereira and JOaO LUIZ Becker",
  title        = "MEASUREMENT IN SOFTWARE ENGINEERING: {F}rom THE ROADMAP TO THE CROSSROADS",
  pages        = "37--64",
  month        = feb,
  volume       = "18",
  year         = "2008",
  number       = "01",
  doi          = "10.1142/S021819400800357X",
  URL          = "http://dx.doi.org/10.1142/S021819400800357X",
  publisher    = "World Scientific",
}

@PhdThesis{HCBenestad_et_al_2009,
  author       = "H. C. Benestad and S. {Cover Inger} and V. Anfinsen",
  title        = "Empirical Assessment of Cost Factors and Productivity during Software Evolution through the Analysis of Software Change Effort",
  school       = "PhD thesis, University of Oslo",
  year         = "2009",
}

@Article{HansChristianBenestad_et_al_2009,
  journal      = "Journal of Software Maintenance and Evolution: Research and Practice",
  author       = "Hans Christian Benestad and Bente Anda and Erik Arisholm",
  title        = "Understanding software maintenance and evolution by analyzing individual changes: a literature review",
  pages        = "349--378",
  month        = nov,
  volume       = "21",
  year         = "2009",
  number       = "6",
  doi          = "10.1002/smr.412",
  URL          = "http://dx.doi.org/10.1002/smr.412",
  publisher    = "Wiley Blackwell (John Wiley \& Sons)",
}

@Article{FinnOlavBjornson_et_al_2008,
  journal      = "Information and Software Technology",
  author       = "Finn Olav Bjornson and Torgeir Dingsoyr",
  title        = "Knowledge management in software engineering: {A} systematic review of studied concepts, findings and research methods used",
  pages        = "1055--1068",
  month        = oct,
  volume       = "50",
  year         = "2008",
  number       = "11",
  doi          = "10.1016/j.infsof.2008.03.006",
  URL          = "http://dx.doi.org/10.1016/j.infsof.2008.03.006",
  publisher    = "Elsevier",
}

@Book{DavidBlanes_et_al_2009,
  author       = "David Blanes and Emilio Insfran and Silvia Abrahao",
  editor       = "David Hutchison and Takeo Kanade and Josef Kittler and Jon M. Kleinberg and Friedemann Mattern and John C. Mitchell and Moni Naor and Oscar Nierstrasz and C. Pandu Rangan and Bernhard Steffen and et al.Editors",
  title        = "Lecture Notes in Computer Science",
  pages        = "510--517",
  ISBN         = "978-3-642-04393-2",
  volume       = "5788",
  year         = "2009",
  doi          = "10.1007/978-3-642-04394-9_62",
  URL          = "http://dx.doi.org/10.1007/978-3-642-04394-9\_62",
  publisher    = "Springer-Verlag",
}

@inproceedings{HongyuPeiBreivold_et_al_2010,
  author       = "Hongyu Pei Breivold and Ivica Crnkovic",
  title        = "A Systematic Review on Architecting for Software Evolvability",
  pages        = "13--22",
  ISBN         = "9781-424-4647-5-3",
  month        = apr,
  year         = "2010",
  booktitle    = "21st Australian Software Engineering Conference",
  doi          = "10.1109/ASWEC.2010.11",
  URL          = "http://dx.doi.org/10.1109/ASWEC.2010.11",
  publisher    = "Institute of Electrical and Electronics Engineers",
}

@Article{HongyuPeiBreivold_et_al_2012,
  journal      = "Information and Software Technology",
  author       = "Hongyu Pei Breivold and Ivica Crnkovic and Magnus Larsson",
  title        = "A systematic review of software architecture evolution research",
  pages        = "16--40",
  month        = jan,
  volume       = "54",
  year         = "2012",
  number       = "1",
  doi          = "10.1016/j.infsof.2011.06.002",
  URL          = "http://dx.doi.org/10.1016/j.infsof.2011.06.002",
  publisher    = "Elsevier",
}

@inproceedings{PearlBrereton_et_al_2009,
  author       = "Pearl Brereton and Mark Turner and Rumjit Kaur",
  title        = "Pair programming as a teaching tool: a student review of empirical studies",
  pages        = "240--247",
  ISBN         = "9781-424-4343-1-2",
  month        = feb,
  year         = "2009",
  booktitle    = "22nd Conference on Software Engineering Education and Training",
  doi          = "10.1109/CSEET.2009.11",
  URL          = "http://dx.doi.org/10.1109/CSEET.2009.11",
  publisher    = "Institute of Electrical and Electronics Engineers",
}

@InProceedings{DBudgen_et_al_2009,
  author       = "D. Budgen and C. Zhang",
  title        = "Preliminary reporting guidelines for experience papers",
  pages        = "1--10",
  volume       = "2009",
  year         = "2009",
  booktitle    = "Proceedings of EASE",
}

@Article{DBudgen_et_al_2011,
  journal      = "Software: Practice and Experience",
  author       = "D. Budgen and A. J. Burn and O. P. Brereton and B. A. Kitchenham and R. Pretorius",
  title        = "Empirical evidence about the {UML}: a systematic literature review",
  pages        = "363--392",
  month        = apr,
  volume       = "41",
  year         = "2011",
  number       = "4",
  doi          = "10.1002/spe.1009",
  URL          = "http://dx.doi.org/10.1002/spe.1009",
  publisher    = "Wiley Blackwell (John Wiley \& Sons)",
}

@Article{KaiYuanCai_et_al_2008,
  journal      = "Journal of Systems and Software",
  author       = "Kai-Yuan Cai and David Card",
  title        = "An analysis of research topics in software engineering – 2006",
  pages        = "1051--1058",
  month        = jun,
  volume       = "81",
  year         = "2008",
  number       = "6",
  doi          = "10.1016/j.jss.2007.08.028",
  URL          = "http://dx.doi.org/10.1016/j.jss.2007.08.028",
  publisher    = "Elsevier",
}

@Article{TroskyBCalloArias_et_al_2011,
  journal      = "Empirical Software Engineering",
  author       = "Trosky B. Callo Arias and Pieter Spek and Paris Avgeriou",
  title        = "A practice-driven systematic review of dependency analysis solutions",
  pages        = "544--586",
  month        = oct,
  volume       = "16",
  year         = "2011",
  number       = "5",
  doi          = "10.1007/s10664-011-9158-8",
  URL          = "http://dx.doi.org/10.1007/s10664-011-9158-8",
  publisher    = "Springer-Verlag",
}

@Article{JoseACalvoManzanoVillalon_et_al_2009,
  journal      = "ACM SIGSOFT Software Engineering Notes",
  author       = "Jose A. {Calvo-Manzano Villalon} and Gonzalo Cuevas Agustin and Gloria Gasca Hurtado and Tomas San Feliu Gilabert",
  title        = "State of the art for risk management in software acquisition",
  pages        = "1",
  month        = jul,
  volume       = "34",
  year         = "2009",
  number       = "4",
  doi          = "10.1145/1543405.1543426",
  URL          = "http://dx.doi.org/10.1145/1543405.1543426",
  publisher    = "Association for Computing Machinery",
}

@Article{CagatayCatal_et_al_2009,
  journal      = "Expert Systems with Applications",
  author       = "Cagatay Catal and Banu Diri",
  title        = "A systematic review of software fault prediction studies",
  pages        = "7346--7354",
  month        = may,
  volume       = "36",
  year         = "2009",
  number       = "4",
  doi          = "10.1016/j.eswa.2008.10.027",
  URL          = "http://dx.doi.org/10.1016/j.eswa.2008.10.027",
  publisher    = "Elsevier",
}

@Article{CagatayCatal_et_al_2012,
  journal      = "Software Quality Journal",
  author       = "Cagatay Catal and Deepti Mishra",
  title        = "Test case prioritization: a systematic mapping study",
  month        = jul,
  year         = "2012",
  doi          = "10.1007/s11219-012-9181-z",
  URL          = "http://dx.doi.org/10.1007/s11219-012-9181-z",
  publisher    = "Springer-Verlag",
}

@inproceedings{AdnanCausevic_et_al_2011,
  author       = "Adnan Causevic and Daniel Sundmark and Sasikumar Punnekkat",
  title        = "Factors Limiting Industrial Adoption of Test Driven Development: {A} Systematic Review",
  pages        = "337--346",
  ISBN         = "9781-612-8417-4-8",
  month        = mar,
  year         = "2011",
  booktitle    = "Fourth IEEE International Conference on Software Testing, Verification and Validation",
  doi          = "10.1109/ICST.2011.19",
  URL          = "http://dx.doi.org/10.1109/ICST.2011.19",
  publisher    = "Institute of Electrical and Electronics Engineers",
}

@inproceedings{ThiagoRodriguesCavalcanti_et_al_2011,
  author       = "Thiago Rodrigues Cavalcanti and Fabio Q. B. da Silva",
  title        = "Historical, Conceptual, and Methodological Aspects of the Publications of the Brazilian Symposium on Software Engineering: {A} Systematic Mapping Study",
  pages        = "14--23",
  ISBN         = "9781-457-7218-7-8",
  month        = sep,
  year         = "2011",
  booktitle    = "25th Brazilian Symposium on Software Engineering",
  doi          = "10.1109/SBES.2011.36",
  URL          = "http://dx.doi.org/10.1109/SBES.2011.36",
  publisher    = "Institute of Electrical and Electronics Engineers",
}

@InProceedings{LChen_et_al_2009,
  author       = "L. Chen and M. A. Babar and C. Cawley",
  title        = "A status report on the evaluation of variability management approaches",
  year         = "2009",
  booktitle    = "13th International Conference on Evaluation and Assessment in Software Engineering",
}

@InProceedings{LianpingChen_et_al_2009,
  series       = "SPLC '09",
  author       = "Lianping Chen and Muhammad Ali Babar and Nour Ali",
  title        = "Variability management in software product lines: a systematic review",
  keywords     = "software product lines, systematic reviews, variability management",
  address      = "Pittsburgh, PA, USA",
  acmid        = "1753247",
  location     = "San Francisco, California",
  pages        = "81--90",
  numpages     = "10",
  year         = "2009",
  booktitle    = "Proceedings of the 13th International Software Product Line Conference",
  URL          = "http://dl.acm.org/citation.cfm?id=1753235.1753247",
  publisher    = "Carnegie Mellon University",
}

@Article{LianpingChen_et_al_2011,
  journal      = "Information and Software Technology",
  author       = "Lianping Chen and Muhammad Ali Babar",
  title        = "A systematic review of evaluation of variability management approaches in software product lines",
  pages        = "344--362",
  month        = apr,
  volume       = "53",
  year         = "2011",
  number       = "4",
  doi          = "10.1016/j.infsof.2010.12.006",
  URL          = "http://dx.doi.org/10.1016/j.infsof.2010.12.006",
  publisher    = "Elsevier",
}

@techreport{PClements_et_al_2006,
  author       = "M. Shaw and P. Clements",
  title        = "The golden age of software architecture: {A} comprehensive survey",
  institution  = "Institute for Software Research International, Carnegie Mellon University",
  year         = "2006",
  type         = "Technical Report",
  number       = "CMU-ISRI-06-101",
  address      = "Pittsburgh, PA, USA",
  note         = {\url{http://reports-archive.adm.cs.cmu.edu/anon/isri2006/CMU-ISRI-06-101.pdf}}
}

@inproceedings{NellyCondoriFernandez_et_al_2009,
  author       = "Nelly Condori-Fernandez and Maya Daneva and Klaas Sikkel and Roel Wieringa and Oscar Dieste and Oscar Pastor",
  title        = "A systematic mapping study on empirical evaluation of software requirements specifications techniques",
  pages        = "502--505",
  ISBN         = "9781-424-4484-2-5",
  month        = oct,
  year         = "2009",
  booktitle    = "3rd International Symposium on Empirical Software Engineering and Measurement",
  doi          = "10.1109/ESEM.2009.5314232",
  URL          = "http://dx.doi.org/10.1109/ESEM.2009.5314232",
  publisher    = "Institute of Electrical and Electronics Engineers",
}

@Article{BCornelissen_et_al_2009,
  journal      = "IEEE Transactions on Software Engineering",
  author       = "B. Cornelissen and A. Zaidman and A. van Deursen and L. Moonen and R. Koschke",
  title        = "A Systematic Survey of Program Comprehension through Dynamic Analysis",
  pages        = "684--702",
  month        = sep,
  volume       = "35",
  year         = "2009",
  number       = "5",
  doi          = "10.1109/TSE.2009.28",
  URL          = "http://dx.doi.org/10.1109/TSE.2009.28",
  publisher    = "Institute of Electrical and Electronics Engineers",
}

@inproceedings{SSJOCruz_et_al_2011,
  author       = "S. S. J. O. Cruz and F. Q. B. da Silva and C. V. F. Monteiro and C. F. Santos and M. T. dos Santos",
  title        = "Personality in software engineering: preliminary findings from a systematic literature review",
  pages        = "1--10",
  ISBN         = "978-1-84919-509-6",
  year         = "2011",
  booktitle    = "15th Annual Conference on Evaluation \& Assessment in Software Engineering (EASE 2011)",
  doi          = "10.1049/ic.2011.0001",
  URL          = "http://dx.doi.org/10.1049/ic.2011.0001",
  publisher    = "Institution of Electrical Engineers",
}

@Article{DanielaSCruzes_et_al_2011,
  journal      = "Information and Software Technology",
  author       = "Daniela S. Cruzes and Tore Dyba",
  title        = "Research synthesis in software engineering: {A} tertiary study",
  pages        = "440--455",
  month        = may,
  volume       = "53",
  year         = "2011",
  number       = "5",
  doi          = "10.1016/j.infsof.2011.01.004",
  URL          = "http://dx.doi.org/10.1016/j.infsof.2011.01.004",
  publisher    = "Elsevier",
}

@inproceedings{FabioQBdaSilva_et_al_2010,
  author       = "Fabio Q. B. da Silva and Catarina Costa and A. Cesar C. Franca and Rafael Prikladinicki",
  title        = "Challenges and Solutions in Distributed Software Development Project Management: {A} Systematic Literature Review",
  pages        = "87--96",
  ISBN         = "9781-424-4761-9-0",
  month        = aug,
  year         = "2010",
  booktitle    = "5th IEEE International Conference on Global Software Engineering",
  doi          = "10.1109/ICGSE.2010.18",
  URL          = "http://dx.doi.org/10.1109/ICGSE.2010.18",
  publisher    = "Institute of Electrical and Electronics Engineers",
}

@Article{FabioQBdaSilva_et_al_2011,
  journal      = "Information and Software Technology",
  author       = "Fabio Q. B. da Silva and Andre L. M. Santos and Sérgio Soares and A. Cesar C. Franca and Cleviton V. F. Monteiro and Felipe Farias Maciel",
  title        = "Six years of systematic literature reviews in software engineering: An updated tertiary study",
  ISSN         = "0950-5849",
  pages        = "899--913",
  volume       = "53",
  year         = "2011",
  number       = "9",
  URL          = "http://www.sciencedirect.com/science/article/pii/S0950584911001017",
  doi          = "10.1016/j.infsof.2011.04.004",
}

@inproceedings{ADavis_et_al_2006,
  author       = "A. Davis and O. Dieste and A. Hickey and N. Juristo and A. M. Moreno",
  title        = "Effectiveness of Requirements Elicitation Techniques: Empirical Results Derived from a Systematic Review",
  pages        = "179--188",
  ISBN         = "0-7695-2555-5",
  month        = sep,
  year         = "2006",
  booktitle    = "14th IEEE International Requirements Engineering Conference (RE'06)",
  doi          = "10.1109/RE.2006.17",
  URL          = "http://dx.doi.org/10.1109/RE.2006.17",
  publisher    = "Institute of Electrical and Electronics Engineers",
}

@Book{AlanDavis_et_al_2007,
  author       = "Alan Davis and Ann Hickey and Oscar Dieste and Natalia Juristo and Ana Moreno",
  editor       = "Pete Sawyer and Barbara Paech and PatrickEditors Heymans",
  title        = "Lecture Notes in Computer Science",
  pages        = "129--143",
  ISBN         = "978-3-540-73030-9",
  volume       = "4542",
  year         = "2007",
  doi          = "10.1007/978-3-540-73031-6_10",
  URL          = "http://dx.doi.org/10.1007/978-3-540-73031-6\_10",
  publisher    = "Springer-Verlag",
}

@InProceedings{RafaelFerreiraBarcelos_et_al_2006,
  author       = "Rafael Ferreira Barcelos and Guilherme Horta Travassos",
  title        = "Evaluation Approaches for Software Architectural Documents: a Systematic Review",
  pages        = "433--446",
  year         = "2006",
  booktitle    = "CIbSE",
}

@InProceedings{ThaisEbling_et_al_2009,
  author       = "Tha\'{\i}s Ebling and Jorge Luis Nicolas Audy and Rafael Prikladnicki",
  title        = "A Systematic Literature Review of Requirements Engineering in Distributed Software Development Environments",
  pages        = "363--366",
  year         = "2009",
  booktitle    = "ICEIS (3)",
}

@InProceedings{MahvishKhurum_et_al_2008,
  author       = "Mahvish Khurum and Tony Gorschek and Kent Pettersson",
  title        = "Systematic Review of Solutions Proposed for Product Line Economics",
  pages        = "277--284",
  year         = "2008",
  booktitle    = "SPLC (2)",
}

@inproceedings{RemcoCdeBoer_et_al_2008,
  author       = "Remco C. de Boer and Rik Farenhorst",
  title        = "In search of `architectural knowledge'",
  pages        = "71",
  ISBN         = "9781-605-5803-8-8",
  year         = "2008",
  booktitle    = "Proceedings of the 3rd international workshop on Sharing and reusing architectural knowledge - SHARK '08",
  doi          = "10.1145/1370062.1370080",
  URL          = "http://dx.doi.org/10.1145/1370062.1370080",
  publisher    = "Association for Computing Machinery",
}

@Article{AriloClaudioDiasNeto_et_al_2009,
  journal      = "Information and Software Technology",
  author       = "Arilo Claudio Dias-Neto and Guilherme Horta Travassos",
  title        = "Model-based testing approaches selection for software projects",
  pages        = "1487--1504",
  month        = nov,
  volume       = "51",
  year         = "2009",
  number       = "11",
  doi          = "10.1016/j.infsof.2009.06.010",
  URL          = "http://dx.doi.org/10.1016/j.infsof.2009.06.010",
  publisher    = "Elsevier",
}

@inproceedings{AriloCDiasNeto_et_al_2007,
  author       = "Arilo C. Dias Neto and Rajesh Subramanyan and Marlon Vieira and Guilherme H. Travassos",
  title        = "A survey on model-based testing approaches",
  pages        = "31--36",
  ISBN         = "9781-595-9388-0-0",
  year         = "2007",
  booktitle    = "Proceedings of the 1st ACM international workshop on Empirical assessment of software engineering languages and technologies held in conjunction with the 22nd IEEE/ACM International Conference on Automated Software Engineering (ASE) 2007 - WEASELTech '07",
  doi          = "10.1145/1353673.1353681",
  URL          = "http://dx.doi.org/10.1145/1353673.1353681",
  publisher    = "Association for Computing Machinery",
}

@Article{ODieste_et_al_2011,
  journal      = "IEEE Transactions on Software Engineering",
  author       = "O Dieste and N Juristo",
  title        = "Systematic review and aggregation of empirical studies on elicitation techniques",
  pages        = "283--304",
  month        = mar,
  volume       = "37",
  year         = "2011",
  number       = "2",
  doi          = "10.1109/TSE.2010.33",
  URL          = "http://dx.doi.org/10.1109/TSE.2010.33",
  publisher    = "Institute of Electrical and Electronics Engineers",
}

@Article{BogdanDit_et_al_2011,
  journal      = "Journal of Software Maintenance and Evolution: Research and Practice",
  author       = "Bogdan Dit and Meghan Revelle and Malcom Gethers and Denys Poshyvanyk",
  title        = "Feature location in source code: a taxonomy and survey",
  month        = nov,
  year         = "2011",
  doi          = "10.1002/smr.567",
  URL          = "http://dx.doi.org/10.1002/smr.567",
  publisher    = "Wiley Blackwell (John Wiley \& Sons)",
}

@Article{EladioDomınguez_et_al_2012,
  journal      = "Information and Software Technology",
  author       = "Eladio Dominguez and Beatriz Perez and Angel L. Rubio and Maria A. Zapata",
  title        = "A systematic review of code generation proposals from state machine specifications",
  pages        = "1045--1066",
  month        = oct,
  volume       = "54",
  year         = "2012",
  number       = "10",
  doi          = "10.1016/j.infsof.2012.04.008",
  URL          = "http://dx.doi.org/10.1016/j.infsof.2012.04.008",
  publisher    = "Elsevier",
}

@Book{FeiDong_et_al_2008,
  author       = "Fei Dong and Mingshu Li and Yuzhu Zhao and Juan Li and Ye Yang",
  editor       = "Qing Wang and Dietmar Pfahl and David M. Editors Raffo",
  title        = "Lecture Notes in Computer Science",
  pages        = "63--75",
  ISBN         = "978-3-540-79587-2",
  volume       = "5007",
  year         = "2008",
  doi          = "10.1007/978-3-540-79588-9_7",
  URL          = "http://dx.doi.org/10.1007/978-3-540-79588-9\_7",
  publisher    = "Springer-Verlag",
}

@inproceedings{JingDu_et_al_2009,
  author       = "Jing Du and Ye Yang and Qing Wang",
  title        = "An Analysis for Understanding Software Security Requirement Methodologies",
  pages        = "141--149",
  ISBN         = "978-0-7695-3758-0",
  month        = jul,
  year         = "2009",
  booktitle    = "Third IEEE International Conference on Secure Software Integration and Reliability Improvement",
  doi          = "10.1109/SSIRI.2009.14",
  URL          = "http://dx.doi.org/10.1109/SSIRI.2009.14",
  publisher    = "Institute of Electrical and Electronics Engineers",
}

@inproceedings{DudekulaMohammadRafi_et_al_2012,
  author       = "Dudekula Mohammad Rafi and Katam Reddy Kiran Moses and Kai Petersen and Mika V. Mantyla",
  title        = "Benefits and limitations of automated software testing: Systematic literature review and practitioner survey",
  pages        = "36--42",
  ISBN         = "9781-467-3182-2-8",
  month        = jun,
  year         = "2012",
  booktitle    = "7th International Workshop on Automation of Software Test (AST)",
  doi          = "10.1109/IWAST.2012.6228988",
  URL          = "http://dx.doi.org/10.1109/IWAST.2012.6228988",
  publisher    = "Institute of Electrical and Electronics Engineers",
}

@Article{ToreDyba_et_al_2008,
  journal      = "Information and Software Technology",
  author       = "Tore Dyba and Torgeir Dingsoyr",
  title        = "Empirical studies of agile software development: {A} systematic review",
  pages        = "833--859",
  month        = aug,
  volume       = "50",
  year         = "2008",
  number       = "9-10",
  doi          = "10.1016/j.infsof.2008.01.006",
  URL          = "http://dx.doi.org/10.1016/j.infsof.2008.01.006",
  publisher    = "Elsevier",
}

@Article{ToreDyba_et_al_2006,
  journal      = "Information and Software Technology",
  author       = "Tore Dyba and Vigdis By Kampenes and Dag I. K. Sjoberg",
  title        = "A systematic review of statistical power in software engineering experiments",
  pages        = "745--755",
  month        = aug,
  volume       = "48",
  year         = "2006",
  number       = "8",
  doi          = "10.1016/j.infsof.2005.08.009",
  URL          = "http://dx.doi.org/10.1016/j.infsof.2005.08.009",
  publisher    = "Elsevier",
}

@Article{JessicaDiaz_et_al_2011,
  journal      = "Software: Practice and Experience",
  author       = "Jessica Diaz and Jennifer Perez and Pedro P. Alarcon and Juan Garbajosa",
  editor       = "Yaser Ghanam and Kendra Cooper and FrankEditors Maurer",
  title        = "Agile product line engineering-a systematic literature review",
  pages        = "921--941",
  month        = jul,
  volume       = "41",
  year         = "2011",
  number       = "8",
  doi          = "10.1002/spe.1087",
  URL          = "http://dx.doi.org/10.1002/spe.1087",
  publisher    = "Wiley Blackwell (John Wiley \& Sons)",
}

@Article{HelenMEdwards_et_al_2009,
  journal      = "Information and Software Technology",
  author       = "Helen M. Edwards and Sharon McDonald and S. Michelle Young",
  title        = "The repertory grid technique: Its place in empirical software engineering research",
  pages        = "785--798",
  month        = apr,
  volume       = "51",
  year         = "2009",
  number       = "4",
  doi          = "10.1016/j.infsof.2008.08.008",
  URL          = "http://dx.doi.org/10.1016/j.infsof.2008.08.008",
  publisher    = "Elsevier",
}

@inproceedings{LEfrizoni_et_al_2010,
  author       = "L Efrizoni and Wan M N Wan-Kadir and R Mohamad",
  title        = "A Systematic Literature Review to Identify the Issues in Bidirectional Model Transformation",
  pages        = "303--306",
  ISBN         = "9781-424-4928-7-9",
  month        = dec,
  year         = "2010",
  booktitle    = "Second World Congress on Software Engineering",
  doi          = "10.1109/WCSE.2010.118",
  URL          = "http://dx.doi.org/10.1109/WCSE.2010.118",
  publisher    = "Institute of Electrical and Electronics Engineers",
}

@Article{MohamedElAttar_et_al_2012,
  journal      = "Requirements Engineering",
  author       = "Mohamed El-Attar and James Miller",
  title        = "Constructing high quality use case models: a systematic review of current practices",
  pages        = "187--201",
  month        = sep,
  volume       = "17",
  year         = "2012",
  number       = "3",
  doi          = "10.1007/s00766-011-0135-y",
  URL          = "http://dx.doi.org/10.1007/s00766-011-0135-y",
  publisher    = "Springer-Verlag",
}

@Article{EmelieEngstrom_et_al_2011,
  journal      = "Information and Software Technology",
  author       = "Emelie Engstrom and Per Runeson",
  title        = "Software product line testing – {A} systematic mapping study",
  pages        = "2--13",
  month        = jan,
  volume       = "53",
  year         = "2011",
  number       = "1",
  doi          = "10.1016/j.infsof.2010.05.011",
  URL          = "http://dx.doi.org/10.1016/j.infsof.2010.05.011",
  publisher    = "Elsevier",
}

@Article{EmelieEngstrom_et_al_2010,
  journal      = "Information and Software Technology",
  author       = "Emelie Engstrom and Per Runeson and Mats Skoglund",
  title        = "A systematic review on regression test selection techniques",
  pages        = "14--30",
  month        = jan,
  volume       = "52",
  year         = "2010",
  number       = "1",
  doi          = "10.1016/j.infsof.2009.07.001",
  URL          = "http://dx.doi.org/10.1016/j.infsof.2009.07.001",
  publisher    = "Elsevier",
}

@inproceedings{EmelieEngstrom_et_al_2008,
  author       = "Emelie Engstrom and Mats Skoglund and Per Runeson",
  title        = "Empirical evaluations of regression test selection techniques",
  pages        = "22",
  ISBN         = "9781-595-9397-1-5",
  year         = "2008",
  booktitle    = "Proceedings of the Second ACM-IEEE international symposium on Empirical software engineering and measurement - ESEM '08",
  doi          = "10.1145/1414004.1414011",
  URL          = "http://dx.doi.org/10.1145/1414004.1414011",
  publisher    = "Association for Computing Machinery",
}

@Book{JosephFeller_et_al_2006,
  author       = "Joseph Feller and Patrick Finnegan and David Kelly and Maurice MacNamara",
  editor       = "Eileen M. Trauth and Debra Howcroft and Tom Butler and Brian Fitzgerald and Janice I. Editors DeGross",
  title        = "{IFIP} International Federation for Information Processing",
  pages        = "261--278",
  ISBN         = "978-0-387-34587-1",
  volume       = "208",
  year         = "2006",
  doi          = "10.1007/0-387-34588-4_18",
  URL          = "http://dx.doi.org/10.1007/0-387-34588-4\_18",
  publisher    = "Springer-Verlag",
}

@inproceedings{ACCFranca_et_al_2011,
  author       = "A. C. C. Franca and T. B. Gouveia and P. C. F. Santos and C. A. Santana and F. Q. B. da Silva",
  title        = "Motivation in software engineering: a systematic review update",
  pages        = "154--163",
  ISBN         = "978-1-84919-509-6",
  year         = "2011",
  booktitle    = "15th Annual Conference on Evaluation \& Assessment in Software Engineering (EASE 2011)",
  doi          = "10.1049/ic.2011.0019",
  URL          = "http://dx.doi.org/10.1049/ic.2011.0019",
  publisher    = "Institution of Electrical Engineers",
}

@inproceedings{AndrePimentaFreire_et_al_2007,
  author       = "Andre Pimenta Freire and Rudinei Goularte and Renata Pontin de Mattos Fortes",
  title        = "Techniques for developing more accessible web applications",
  pages        = "162",
  ISBN         = "9781-595-9358-8-5",
  year         = "2007",
  booktitle    = "Proceedings of the 25th annual ACM international conference on Design of communication - SIGDOC '07",
  doi          = "10.1145/1297144.1297177",
  URL          = "http://dx.doi.org/10.1145/1297144.1297177",
  publisher    = "Association for Computing Machinery",
}

@inproceedings{DGalin_et_al_2005,
  author       = "D. Galin and M. Avrahami",
  title        = "Do {SQA} Programs Work - {CMM} Works. {A} Meta Analysis",
  pages        = "95--100",
  ISBN         = "0-7695-2335-8",
  year         = "2005",
  booktitle    = "IEEE International Conference on Software - Science, Technology \& Engineering (SwSTE'05)",
  doi          = "10.1109/SWSTE.2005.12",
  URL          = "http://dx.doi.org/10.1109/SWSTE.2005.12",
  publisher    = "Institute of Electrical and Electronics Engineers",
}

@Article{DanielGalin_et_al_2006,
  journal      = "IEEE Software",
  author       = "Daniel Galin and Motti Avrahami",
  title        = "Are {CMM} Program Investments Beneficial? Analyzing Past Studies",
  pages        = "81--87",
  month        = nov,
  volume       = "23",
  year         = "2006",
  number       = "6",
  doi          = "10.1109/MS.2006.149",
  URL          = "http://dx.doi.org/10.1109/MS.2006.149",
  publisher    = "Institute of Electrical and Electronics Engineers",
}

@Article{AmirHosseinGhapanchi_et_al_2011,
  journal      = "Journal of Systems and Software",
  author       = "Amir Hossein Ghapanchi and Aybuke Aurum",
  title        = "Antecedents to {IT} personnel's intentions to leave: {A} systematic literature review",
  pages        = "238--249",
  month        = feb,
  volume       = "84",
  year         = "2011",
  number       = "2",
  doi          = "10.1016/j.jss.2010.09.022",
  URL          = "http://dx.doi.org/10.1016/j.jss.2010.09.022",
  publisher    = "Elsevier",
}

@Article{RobertLGlass_et_al_2004,
  journal      = "Communications of the ACM",
  author       = "Robert L. Glass and V. Ramesh and Iris Vessey",
  title        = "An analysis of research in computing disciplines",
  pages        = "89--94",
  month        = jun,
  volume       = "47",
  year         = "2004",
  number       = "6",
  doi          = "10.1145/990680.990686",
  URL          = "http://dx.doi.org/10.1145/990680.990686",
  publisher    = "Association for Computing Machinery",
}

@inproceedings{SGrimstad_et_al_2005,
  author       = "S. Grimstad and M. Jorgensen and K. Molokken-Ostvold",
  title        = "The Clients' Impact on Effort Estimation Accuracy in Software Development Projects",
  pages        = "3--3",
  ISBN         = "0-7695-2371-4",
  year         = "2005",
  booktitle    = "11th IEEE International Software Metrics Symposium (METRICS'05)",
  doi          = "10.1109/METRICS.2005.47",
  URL          = "http://dx.doi.org/10.1109/METRICS.2005.47",
  publisher    = "Institute of Electrical and Electronics Engineers",
}

@Article{SteinGrimstad_et_al_2006,
  journal      = "Information and Software Technology",
  author       = "Stein Grimstad and Magne Jørgensen and Kjetil Moløkken-Østvold",
  title        = "Software effort estimation terminology: The tower of Babel",
  pages        = "302--310",
  month        = apr,
  volume       = "48",
  year         = "2006",
  number       = "4",
  doi          = "10.1016/j.infsof.2005.04.004",
  URL          = "http://dx.doi.org/10.1016/j.infsof.2005.04.004",
  publisher    = "Elsevier",
}

@Article{QingGu_et_al_2009,
  journal      = "Service Oriented Computing and Applications",
  author       = "Qing Gu and Patricia Lago",
  title        = "Exploring service-oriented system engineering challenges: a systematic literature review",
  pages        = "171--188",
  month        = sep,
  volume       = "3",
  year         = "2009",
  number       = "3",
  doi          = "10.1007/s11761-009-0046-7",
  URL          = "http://dx.doi.org/10.1007/s11761-009-0046-7",
  publisher    = "Springer-Verlag",
}

@inproceedings{MilenaGuessi_et_al_2012,
  author       = "Milena Guessi and Elisa Yumi Nakagawa and Flavio Oquendo and Jose Carlos Maldonado",
  title        = "Architectural description of embedded systems",
  pages        = "31",
  ISBN         = "9781450313476",
  year         = "2012",
  booktitle    = "Proceedings of the 3rd international ACM SIGSOFT symposium on Architecting Critical Systems - ISARCS '12",
  doi          = "10.1145/2304656.2304661",
  URL          = "http://dx.doi.org/10.1145/2304656.2304661",
  publisher    = "Association for Computing Machinery",
}

@Article{TracyHall_et_al_2009,
  journal      = "ACM Transactions on Software Engineering and Methodology",
  author       = "Tracy Hall and Nathan Baddoo and Sarah Beecham and Hugh Robinson and Helen Sharp",
  title        = "A systematic review of theory use in studies investigating the motivations of software engineers",
  pages        = "1--29",
  month        = may,
  volume       = "18",
  year         = "2009",
  number       = "3",
  doi          = "10.1145/1525880.1525883",
  URL          = "http://dx.doi.org/10.1145/1525880.1525883",
  publisher    = "Association for Computing Machinery",
}

@Article{TracyHall_et_al_2011,
  journal      = "IEEE Transactions on Software Engineering",
  author       = "Tracy Hall and Sarah Beecham and David Bowes and David Gray and Steve Counsell",
  title        = "A Systematic Review of Fault Prediction Performance in Software Engineering",
  year         = "2011",
  doi          = "10.1109/TSE.2011.103",
  URL          = "http://dx.doi.org/10.1109/TSE.2011.103",
  publisher    = "Institute of Electrical and Electronics Engineers",
}

@Article{JoEHannay_et_al_2009,
  journal      = "Information and Software Technology",
  author       = "Jo E. Hannay and Tore Dyba and Erik Arisholm and Dag I. K. Sjoberg",
  title        = "The effectiveness of pair programming: {A} meta-analysis",
  pages        = "1110--1122",
  month        = jul,
  volume       = "51",
  year         = "2009",
  number       = "7",
  doi          = "10.1016/j.infsof.2009.02.001",
  URL          = "http://dx.doi.org/10.1016/j.infsof.2009.02.001",
  publisher    = "Elsevier",
}

@Article{JEHannay_et_al_2008,
  journal      = "IEEE Transactions on Software Engineering",
  author       = "J. E. Hannay and M. Jorgensen",
  title        = "The Role of Deliberate Artificial Design Elements in Software Engineering Experiments",
  pages        = "242--259",
  month        = mar,
  volume       = "34",
  year         = "2008",
  number       = "2",
  doi          = "10.1109/TSE.2008.13",
  URL          = "http://dx.doi.org/10.1109/TSE.2008.13",
  publisher    = "Institute of Electrical and Electronics Engineers",
}

@Article{JoHannay_et_al_2007,
  journal      = "IEEE Transactions on Software Engineering",
  author       = "Jo Hannay and Dag Sjoberg and Tore Dyba",
  title        = "A Systematic Review of Theory Use in Software Engineering Experiments",
  pages        = "87--107",
  month        = feb,
  volume       = "33",
  year         = "2007",
  number       = "2",
  doi          = "10.1109/TSE.2007.12",
  URL          = "http://dx.doi.org/10.1109/TSE.2007.12",
  publisher    = "Institute of Electrical and Electronics Engineers",
}

@Book{GeirKjetilHanssen_et_al_2007,
  author       = "Geir Kjetil Hanssen and Finn Olav Bjornson and Hans Westerheim",
  editor       = "Pekka Abrahamsson and Nathan Baddoo and Tiziana Margaria and RichardEditors Messnarz",
  title        = "Lecture Notes in Computer Science",
  pages        = "7--18",
  ISBN         = "978-3-540-74765-9",
  volume       = "4764",
  year         = "2007",
  doi          = "10.1007/978-3-540-75381-0_2",
  URL          = "http://dx.doi.org/10.1007/978-3-540-75381-0\_2",
  publisher    = "Springer-Verlag",
}

@Book{LasseHarjumaa_et_al_2008,
  author       = "Lasse Harjumaa and Jouni Markkula and Markku Oivo",
  editor       = "Andreas Jedlitschka and OutiEditors Salo",
  title        = "Lecture Notes in Computer Science",
  pages        = "230--243",
  ISBN         = "978-3-540-69564-6",
  volume       = "5089",
  year         = "2008",
  doi          = "10.1007/978-3-540-69566-0_20",
  URL          = "http://dx.doi.org/10.1007/978-3-540-69566-0\_20",
  publisher    = "Springer-Verlag",
}

@Article{OyvindHauge_et_al_2010,
  journal      = "Information and Software Technology",
  author       = "Oyvind Hauge and Claudia Ayala and Reidar Conradi",
  title        = "Adoption of open source software in software-intensive organizations – {A} systematic literature review",
  pages        = "1133--1154",
  month        = nov,
  volume       = "52",
  year         = "2010",
  number       = "11",
  doi          = "10.1016/j.infsof.2010.05.008",
  URL          = "http://dx.doi.org/10.1016/j.infsof.2010.05.008",
  publisher    = "Elsevier",
}

@Article{SarahHeckman_et_al_2011,
  journal      = "Information and Software Technology",
  author       = "Sarah Heckman and Laurie Williams",
  title        = "A systematic literature review of actionable alert identification techniques for automated static code analysis",
  pages        = "363--387",
  month        = apr,
  volume       = "53",
  year         = "2011",
  number       = "4",
  doi          = "10.1016/j.infsof.2010.12.007",
  URL          = "http://dx.doi.org/10.1016/j.infsof.2010.12.007",
  publisher    = "Elsevier",
}

@Article{YeniYuqinLiHelgesson_et_al_2012,
  journal      = "Journal of Software: Evolution and Process",
  author       = "Yeni Yuqin Li Helgesson and Martin Host and Kim Weyns",
  title        = "A review of methods for evaluation of maturity models for process improvement",
  pages        = "436--454",
  month        = jun,
  volume       = "24",
  year         = "2012",
  number       = "4",
  doi          = "10.1002/smr.560",
  URL          = "http://dx.doi.org/10.1002/smr.560",
  publisher    = "Wiley Blackwell (John Wiley \& Sons)",
}

@inproceedings{AndreaHerrmann_et_al_2008,
  author       = "Andrea Herrmann and Maya Daneva",
  title        = "Requirements Prioritization Based on Benefit and Cost Prediction: An Agenda for Future Research",
  pages        = "125--134",
  ISBN         = "978-0-7695-3309-4",
  month        = sep,
  year         = "2008",
  booktitle    = "16th IEEE International Requirements Engineering Conference",
  doi          = "10.1109/RE.2008.48",
  URL          = "http://dx.doi.org/10.1109/RE.2008.48",
  publisher    = "Institute of Electrical and Electronics Engineers",
}

@Article{GeraldHoll_et_al_2012,
  journal      = "Information and Software Technology",
  author       = "Gerald Holl and Paul Gruenbacher and Rick Rabiser",
  title        = "A systematic review and an expert survey on capabilities supporting multi product lines",
  pages        = "828--852",
  month        = aug,
  volume       = "54",
  year         = "2012",
  number       = "8",
  doi          = "10.1016/j.infsof.2012.02.002",
  URL          = "http://dx.doi.org/10.1016/j.infsof.2012.02.002",
  publisher    = "Elsevier",
}

@Article{JongyiHong_et_al_2009,
  journal      = "Expert Systems with Applications",
  author       = "Jong-Yi Hong and Eui-Ho Suh and Sung-Jin Kim",
  title        = "Context-aware systems: {A} literature review and classification",
  pages        = "8509--8522",
  month        = may,
  volume       = "36",
  year         = "2009",
  number       = "4",
  doi          = "10.1016/j.eswa.2008.10.071",
  URL          = "http://dx.doi.org/10.1016/j.eswa.2008.10.071",
  publisher    = "Elsevier",
}

@inproceedings{WTBHordijk_et_al_2009,
  author       = "WTB Hordijk and M. L. Ponisio and RJ Wieringa",
  title        = "Harmfulness of code duplication --- {a} structured review of the evidence",
  booktitle    = "Proceedings of the 13th International Conference on Evaluation and Assessment in Software Engineering",
  year         = "2009",
  publisher    = "British Computer Society",
  URL          = "http://www.bcs.org/upload/pdf/ewic_ea09_s4paper2.pdf",
}

@Book{JensHenrikHosbond_et_al_2005,
  author       = "Jens Henrik Hosbond and Peter Axel Nielsen",
  editor       = "Carsten Sorensen and Youngjin Yoo and Kalle Lyytinen and Janice I. DeGross",
  title        = "{IFIP} --- The International Federation for Information Processing",
  pages        = "215--232",
  ISBN         = "0-387-27560-6",
  volume       = "185",
  year         = "2005",
  doi          = "10.1007/0-387-28918-6_17",
  URL          = "http://dx.doi.org/10.1007/0-387-28918-6\_17",
  publisher    = "Springer-Verlag",
}

@inproceedings{EmamHossain_et_al_2009,
  author       = "Emam Hossain and Muhammad Ali Babar and Hye-young Paik",
  title        = "Using Scrum in Global Software Development: {A} Systematic Literature Review",
  pages        = "175--184",
  ISBN         = "978-0-7695-3710-8",
  month        = jul,
  year         = "2009",
  booktitle    = "Fourth IEEE International Conference on Global Software Engineering",
  doi          = "10.1109/ICGSE.2009.25",
  URL          = "http://dx.doi.org/10.1109/ICGSE.2009.25",
  publisher    = "Institute of Electrical and Electronics Engineers",
}

@Book{AndreasHofer_et_al_2007,
  author       = "Andreas Hofer and Walter F. Tichy",
  editor       = "Victor R. Basili and Dieter Rombach and Kurt Schneider and Barbara Kitchenham and Dietmar Pfahl and Richard W. Editors Selby",
  title        = "Lecture Notes in Computer Science",
  pages        = "10--19",
  ISBN         = "978-3-540-71300-5",
  volume       = "4336",
  year         = "2007",
  doi          = "10.1007/978-3-540-71301-2_3",
  URL          = "http://dx.doi.org/10.1007/978-3-540-71301-2\_3",
  publisher    = "Springer-Verlag",
}

@Article{MartinHost_et_al_2011,
  journal      = "Information and Software Technology",
  author       = "Martin Host and Alma Orucevic-Alagic",
  title        = "A systematic review of research on open source software in commercial software product development",
  pages        = "616--624",
  month        = jun,
  volume       = "53",
  year         = "2011",
  number       = "6",
  doi          = "10.1016/j.infsof.2010.12.009",
  URL          = "http://dx.doi.org/10.1016/j.infsof.2010.12.009",
  publisher    = "Elsevier",
}

@Book{EmilioInsfran_et_al_2008,
  author       = "Emilio Insfran and Adrian Fernandez",
  editor       = "Sven Hartmann and Xiaofang Zhou and MarkusEditors Kirchberg",
  title        = "Lecture Notes in Computer Science",
  pages        = "81--91",
  ISBN         = "978-3-540-85199-8",
  volume       = "5176",
  year         = "2008",
  doi          = "10.1007/978-3-540-85200-1_10",
  URL          = "http://dx.doi.org/10.1007/978-3-540-85200-1\_10",
  publisher    = "Springer-Verlag",
}

@Article{MartinIvarsson_et_al_2009,
  journal      = "Requirements Engineering",
  author       = "Martin Ivarsson and Tony Gorschek",
  title        = "Technology transfer decision support in requirements engineering research: a systematic review of {RE}j",
  pages        = "155--175",
  month        = jul,
  volume       = "14",
  year         = "2009",
  number       = "3",
  doi          = "10.1007/s00766-009-0080-1",
  URL          = "http://dx.doi.org/10.1007/s00766-009-0080-1",
  publisher    = "Springer-Verlag",
}

@Article{MartinIvarsson_et_al_2011,
  journal      = "Empirical Software Engineering",
  author       = "Martin Ivarsson and Tony Gorschek",
  title        = "A method for evaluating rigor and industrial relevance of technology evaluations",
  pages        = "365--395",
  month        = jun,
  volume       = "16",
  year         = "2011",
  number       = "3",
  doi          = "10.1007/s10664-010-9146-4",
  URL          = "http://dx.doi.org/10.1007/s10664-010-9146-4",
  publisher    = "Springer-Verlag",
}

@Article{AnilSJadhav_et_al_2009,
  journal      = "Information and Software Technology",
  author       = "Anil S. Jadhav and Rajendra M. Sonar",
  title        = "Evaluating and selecting software packages: {A} review",
  pages        = "555--563",
  month        = mar,
  volume       = "51",
  year         = "2009",
  number       = "3",
  doi          = "10.1016/j.infsof.2008.09.003",
  URL          = "http://dx.doi.org/10.1016/j.infsof.2008.09.003",
  publisher    = "Elsevier",
}

@inproceedings{SamirehJalali_et_al_2010,
  author       = "Samireh Jalali and Claes Wohlin",
  title        = "Agile Practices in Global Software Engineering - {A} Systematic Map",
  pages        = "45--54",
  ISBN         = "9781-424-4761-9-0",
  month        = aug,
  year         = "2010",
  booktitle    = "5th IEEE International Conference on Global Software Engineering",
  doi          = "10.1109/ICGSE.2010.14",
  URL          = "http://dx.doi.org/10.1109/ICGSE.2010.14",
  publisher    = "Institute of Electrical and Electronics Engineers",
}

@Article{SamirehJalali_et_al_2012,
  journal      = "Journal of Software: Evolution and Process",
  author       = "Samireh Jalali and Claes Wohlin",
  editor       = "Allen Milewski and Alberto Avritzer and YaelEditors Dubinsky",
  title        = "Global software engineering and agile practices: a systematic review",
  pages        = "643--659",
  month        = oct,
  volume       = "24",
  year         = "2012",
  number       = "6",
  doi          = "10.1002/smr.561",
  URL          = "http://dx.doi.org/10.1002/smr.561",
  publisher    = "Wiley Blackwell (John Wiley \& Sons)",
}

@inproceedings{CliveJefferies_et_al_2008,
  author       = "Clive Jefferies and Pearl Brereton and Mark Turner",
  title        = "A Systematic Literature Review of Approaches to Reengineering for Multi-Channel Access",
  pages        = "258--262",
  ISBN         = "9781-424-4215-7-2",
  month        = apr,
  year         = "2008",
  booktitle    = "12th European Conference on Software Maintenance and Reengineering",
  doi          = "10.1109/CSMR.2008.4493322",
  URL          = "http://dx.doi.org/10.1109/CSMR.2008.4493322",
  publisher    = "Institute of Electrical and Electronics Engineers",
}

@Article{MiguelJimenez_et_al_0000,
  journal      = "Advances in Software Engineering",
  author       = "Miguel Jimenez and Mario Piattini and Aurora Vizcaino",
  title        = "Challenges and Improvements in Distributed Software Development: {A} Systematic Review",
  pages        = "1--14",
  volume       = "2009",
  year         = 2009,
  doi          = "10.1155/2009/710971",
  URL          = "http://dx.doi.org/10.1155/2009/710971",
  publisher    = "Hindawi Publishing Corporation",
}

@Article{NataliaJuristo_et_al_2004,
  journal      = "Empirical Software Engineering",
  author       = "Natalia Juristo and Ana M. Moreno and Sira Vegas",
  title        = "Reviewing 25 Years of Testing Technique Experiments",
  pages        = "7--44",
  month        = mar,
  volume       = "9",
  year         = "2004",
  number       = "1/2",
  doi          = "10.1023/B:EMSE.0000013513.48963.1b",
  URL          = "http://dx.doi.org/10.1023/B:EMSE.0000013513.48963.1b",
  publisher    = "Springer (Kluwer Academic Publishers)",
}

@Article{NataliaJuristo_et_al_2006,
  journal      = "IEEE Software",
  author       = "Natalia Juristo and Ana Moreno and Sira Vegas and Martin Solari",
  title        = "In Search of What We Experimentally Know about Unit Testing",
  pages        = "72--80",
  month        = nov,
  volume       = "23",
  year         = "2006",
  number       = "6",
  doi          = "10.1109/MS.2006.166",
  URL          = "http://dx.doi.org/10.1109/MS.2006.166",
  publisher    = "Institute of Electrical and Electronics Engineers",
}

@Article{MJørgensen_2004,
  journal      = "Journal of Systems and Software",
  author       = "M. Jørgensen",
  title        = "A review of studies on expert estimation of software development effort",
  pages        = "37--60",
  month        = feb,
  volume       = "70",
  year         = "2004",
  number       = "1-2",
  doi          = "10.1016/S0164-1212(02)00156-5",
  URL          = "http://dx.doi.org/10.1016/S0164-1212(02)00156-5",
  publisher    = "Elsevier",
}

@Article{MagneJørgensen_2007,
  journal      = "International Journal of Forecasting",
  author       = "Magne Jørgensen",
  title        = "Forecasting of software development work effort: Evidence on expert judgement and formal models",
  pages        = "449--462",
  month        = jul,
  volume       = "23",
  year         = "2007",
  number       = "3",
  doi          = "10.1016/j.ijforecast.2007.05.008",
  URL          = "http://dx.doi.org/10.1016/j.ijforecast.2007.05.008",
  publisher    = "Elsevier",
}

@Article{HuzefaKagdi_et_al_2007,
  journal      = "Journal of Software Maintenance and Evolution: Research and Practice",
  author       = "Huzefa Kagdi and Michael L. Collard and Jonathan I. Maletic",
  title        = "A survey and taxonomy of approaches for mining software repositories in the context of software evolution",
  pages        = "77--131",
  month        = mar,
  volume       = "19",
  year         = "2007",
  number       = "2",
  doi          = "10.1002/smr.344",
  URL          = "http://dx.doi.org/10.1002/smr.344",
  publisher    = "Wiley Blackwell (John Wiley \& Sons)",
}

@inproceedings{SahityaKakarla_et_al_2011,
  author       = "Sahitya Kakarla and Selina Momotaz and Akbar Siami Namin",
  title        = "An Evaluation of Mutation and Data-Flow Testing: {A} Meta-analysis",
  pages        = "366--375",
  ISBN         = "9781-457-7001-9-4",
  month        = mar,
  year         = "2011",
  booktitle    = "IEEE Fourth International Conference on Software Testing, Verification and Validation Workshops",
  doi          = "10.1109/ICSTW.2011.51",
  URL          = "http://dx.doi.org/10.1109/ICSTW.2011.51",
  publisher    = "Institute of Electrical and Electronics Engineers",
}

@inproceedings{MarcosKalinowski_et_al_2008,
  author       = "Marcos Kalinowski and Guilherme H. Travassos and David N. Card",
  title        = "Towards a Defect Prevention Based Process Improvement Approach",
  pages        = "199--206",
  ISBN         = "978-0-7695-3276-9",
  month        = sep,
  year         = "2008",
  booktitle    = "34th Euromicro Conference Software Engineering and Advanced Applications",
  doi          = "10.1109/SEAA.2008.47",
  URL          = "http://dx.doi.org/10.1109/SEAA.2008.47",
  publisher    = "Institute of Electrical and Electronics Engineers",
}

@Article{VigdisByKampenes_et_al_2009,
  journal      = "Information and Software Technology",
  author       = "Vigdis By Kampenes and Tore Dyba and Jo E. Hannay and Dag I. {K. Sjoberg}",
  title        = "A systematic review of quasi-experiments in software engineering",
  pages        = "71--82",
  month        = jan,
  volume       = "51",
  year         = "2009",
  number       = "1",
  doi          = "10.1016/j.infsof.2008.04.006",
  URL          = "http://dx.doi.org/10.1016/j.infsof.2008.04.006",
  publisher    = "Elsevier",
}

@Article{VigdisByKampenes_et_al_2007,
  journal      = "Information and Software Technology",
  author       = "Vigdis By Kampenes and Tore Dyba and Jo E. Hannay and Dag I. K. Sjoberg",
  title        = "A systematic review of effect size in software engineering experiments",
  pages        = "1073--1086",
  month        = nov,
  volume       = "49",
  year         = "2007",
  number       = "11-12",
  doi          = "10.1016/j.infsof.2007.02.015",
  URL          = "http://dx.doi.org/10.1016/j.infsof.2007.02.015",
  publisher    = "Elsevier",
}

@Article{LarsMKarg_et_al_2011,
  journal      = "Journal of Systems and Software",
  author       = "Lars M. Karg and Michael Grottke and Arne Beckhaus",
  title        = "A systematic literature review of software quality cost research",
  pages        = "415--427",
  month        = mar,
  volume       = "84",
  year         = "2011",
  number       = "3",
  doi          = "10.1016/j.jss.2010.11.904",
  URL          = "http://dx.doi.org/10.1016/j.jss.2010.11.904",
  publisher    = "Elsevier",
}

@inproceedings{SiffatUllahKhan_et_al_2009,
  author       = "Siffat Ullah Khan and Mahmood Niazi and Rashid Ahmad",
  title        = "Critical Barriers for Offshore Software Development Outsourcing Vendors: {A} Systematic Literature Review",
  pages        = "79--86",
  ISBN         = "978-0-7695-3909-6",
  month        = dec,
  year         = "2009",
  booktitle    = "16th Asia-Pacific Software Engineering Conference",
  doi          = "10.1109/APSEC.2009.16",
  URL          = "http://dx.doi.org/10.1109/APSEC.2009.16",
  publisher    = "Institute of Electrical and Electronics Engineers",
}

@inproceedings{SiffatUllahKhan_et_al_2009a,
  author       = "Siffat Ullah Khan and Mahmood Niazi and Rashid Ahmad",
  title        = "Critical Success Factors for Offshore Software Development Outsourcing Vendors: {A} Systematic Literature Review",
  pages        = "207--216",
  ISBN         = "978-0-7695-3710-8",
  month        = jul,
  year         = "2009",
  booktitle    = "Fourth IEEE International Conference on Global Software Engineering",
  doi          = "10.1109/ICGSE.2009.28",
  URL          = "http://dx.doi.org/10.1109/ICGSE.2009.28",
  publisher    = "Institute of Electrical and Electronics Engineers",
}

@Article{SiffatUllahKhan_et_al_2011,
  journal      = "Information and Software Technology",
  author       = "Siffat Ullah Khan and Mahmood Niazi and Rashid Ahmad",
  title        = "Barriers in the selection of offshore software development outsourcing vendors: An exploratory study using a systematic literature review",
  pages        = "693--706",
  month        = jul,
  volume       = "53",
  year         = "2011",
  number       = "7",
  doi          = "10.1016/j.infsof.2010.08.003",
  URL          = "http://dx.doi.org/10.1016/j.infsof.2010.08.003",
  publisher    = "Elsevier",
}

@Article{SiffatUllahKhan_et_al_2011a,
  journal      = "Journal of Systems and Software",
  author       = "Siffat Ullah Khan and Mahmood Niazi and Rashid Ahmad",
  title        = "Factors influencing clients in the selection of offshore software outsourcing vendors: An exploratory study using a systematic literature review",
  pages        = "686--699",
  month        = apr,
  volume       = "84",
  year         = "2011",
  number       = "4",
  doi          = "10.1016/j.jss.2010.12.010",
  URL          = "http://dx.doi.org/10.1016/j.jss.2010.12.010",
  publisher    = "Elsevier",
}

@Article{MahvishKhurum_et_al_2009,
  journal      = "Journal of Systems and Software",
  author       = "Mahvish Khurum and Tony Gorschek",
  title        = "A systematic review of domain analysis solutions for product lines",
  pages        = "1982--2003",
  month        = dec,
  volume       = "82",
  year         = "2009",
  number       = "12",
  doi          = "10.1016/j.jss.2009.06.048",
  URL          = "http://dx.doi.org/10.1016/j.jss.2009.06.048",
  publisher    = "Elsevier",
}

@Article{BarbaraAKitchenham_et_al_2007,
  journal      = "IEEE Transactions on Software Engineering",
  author       = "Barbara A. Kitchenham and Emilia Mendes and Guilherme H. Travassos",
  title        = "Cross versus Within-Company Cost Estimation Studies: {A} Systematic Review",
  pages        = "316--329",
  month        = may,
  volume       = "33",
  year         = "2007",
  number       = "5",
  doi          = "10.1109/TSE.2007.1001",
  URL          = "http://dx.doi.org/10.1109/TSE.2007.1001",
  publisher    = "Institute of Electrical and Electronics Engineers",
}

@Article{BarbaraKitchenham_et_al_2009,
  journal      = "Information and Software Technology",
  author       = "Barbara Kitchenham and O. Pearl Brereton and David Budgen and Mark Turner and John Bailey and Stephen Linkman",
  title        = "Systematic literature reviews in software engineering – {A} systematic literature review",
  pages        = "7--15",
  month        = jan,
  volume       = "51",
  year         = "2009",
  number       = "1",
  doi          = "10.1016/j.infsof.2008.09.009",
  URL          = "http://dx.doi.org/10.1016/j.infsof.2008.09.009",
  publisher    = "Elsevier",
}

@Article{BarbaraKitchenham_et_al_2010,
  journal      = "Information and Software Technology",
  author       = "Barbara Kitchenham and Rialette Pretorius and David Budgen and O. Pearl Brereton and Mark Turner and Mahmood Niazi and Stephen Linkman",
  title        = "Systematic literature reviews in software engineering --- {A} tertiary study",
  pages        = "792--805",
  month        = aug,
  volume       = "52",
  year         = "2010",
  number       = "8",
  doi          = "10.1016/j.infsof.2010.03.006",
  URL          = "http://dx.doi.org/10.1016/j.infsof.2010.03.006",
  publisher    = "Elsevier",
}

@inproceedings{SamiKollanus_2010,
  author       = "Sami Kollanus",
  title        = "Test-Driven Development - Still a Promising Approach?",
  pages        = "403--408",
  ISBN         = "9781-424-4853-9-0",
  month        = sep,
  year         = "2010",
  booktitle    = "Seventh International Conference on the Quality of Information and Communications Technology",
  doi          = "10.1109/QUATIC.2010.73",
  URL          = "http://dx.doi.org/10.1109/QUATIC.2010.73",
  publisher    = "Institute of Electrical and Electronics Engineers",
}

@inproceedings{HeikoKoziolek_2011,
  author       = "Heiko Koziolek",
  title        = "Sustainability evaluation of software architectures",
  pages        = "3",
  ISBN         = "9781450307246",
  year         = "2011",
  booktitle    = "Proceedings of the joint ACM SIGSOFT conference -- QoSA and ACM SIGSOFT symposium -- ISARCS on Quality of software architectures -- QoSA and architecting critical systems -- ISARCS - QoSA-ISARCS '11",
  doi          = "10.1145/2000259.2000263",
  URL          = "http://dx.doi.org/10.1145/2000259.2000263",
  publisher    = "Association for Computing Machinery",
}

@Article{StephenLane_et_al_2011,
  journal      = "Information and Software Technology",
  author       = "Stephen Lane and Ita Richardson",
  title        = "Process models for service-based applications: {A} systematic literature review",
  pages        = "424--439",
  month        = may,
  volume       = "53",
  year         = "2011",
  number       = "5",
  doi          = "10.1016/j.infsof.2010.12.005",
  URL          = "http://dx.doi.org/10.1016/j.infsof.2010.12.005",
  publisher    = "Elsevier",
}

@Article{AndreasLanz_et_al_2012,
  journal      = "Requirements Engineering",
  author       = "Andreas Lanz and Barbara Weber and Manfred Reichert",
  title        = "Time patterns for process-aware information systems",
  month        = sep,
  year         = "2012",
  doi          = "10.1007/s00766-012-0162-3",
  URL          = "http://dx.doi.org/10.1007/s00766-012-0162-3",
  publisher    = "Springer-Verlag",
}

@inproceedings{MathieuLavallee_et_al_2012,
  author       = "Mathieu Lavallee and Pierre N. Robillard",
  title        = "The impacts of software process improvement on developers: {A} systematic review",
  pages        = "113--122",
  ISBN         = "9781-467-3106-7-3",
  month        = jun,
  year         = "2012",
  booktitle    = "34th International Conference on Software Engineering (ICSE)",
  doi          = "10.1109/ICSE.2012.6227201",
  URL          = "http://dx.doi.org/10.1109/ICSE.2012.6227201",
  publisher    = "Institute of Electrical and Electronics Engineers",
}

@inproceedings{JoaoLemos_et_al_2012,
  author       = "Joao Lemos and Carina Alves and Leticia Duboc and Genaina Nunes Rodrigues",
  title        = "A systematic mapping study on creativity in requirements engineering",
  pages        = "1083",
  ISBN         = "9781450308571",
  year         = "2012",
  booktitle    = "Proceedings of the 27th Annual ACM Symposium on Applied Computing - SAC '12",
  doi          = "10.1145/2245276.2231945",
  URL          = "http://dx.doi.org/10.1145/2245276.2231945",
  publisher    = "Association for Computing Machinery",
}

@Article{BixinLi_et_al_2012,
  journal      = "Software Testing, Verification and Reliability",
  author       = "Bixin Li and Xiaobing Sun and Hareton Leung and Sai Zhang",
  title        = "A survey of code-based change impact analysis techniques",
  month        = apr,
  year         = "2012",
  doi          = "10.1002/stvr.1475",
  URL          = "http://dx.doi.org/10.1002/stvr.1475",
  publisher    = "Wiley Blackwell (John Wiley \& Sons)",
}

@inproceedings{GernotALiebchen_et_al_2008,
  author       = "Gernot A. Liebchen and Martin Shepperd",
  title        = "Data sets and data quality in software engineering",
  pages        = "39",
  ISBN         = "9781-605-5803-6-4",
  year         = "2008",
  booktitle    = "Proceedings of the 4th international workshop on Predictor models in software engineering - PROMISE '08",
  doi          = "10.1145/1370788.1370799",
  URL          = "http://dx.doi.org/10.1145/1370788.1370799",
  publisher    = "Association for Computing Machinery",
}

@Article{LianaBarachisioLisboa_et_al_2010,
  journal      = "Information and Software Technology",
  author       = "Liana Barachisio Lisboa and Vinicius Cardoso Garcia and Daniel Lucredio and Eduardo Santana de Almeida and Silvio Romero de Lemos Meira and Renata Pontin de Mattos Fortes",
  title        = "A systematic review of domain analysis tools",
  pages        = "1--13",
  month        = jan,
  volume       = "52",
  year         = "2010",
  number       = "1",
  doi          = "10.1016/j.infsof.2009.05.001",
  URL          = "http://dx.doi.org/10.1016/j.infsof.2009.05.001",
  publisher    = "Elsevier",
}

@inproceedings{DapengLiu_et_al_2009,
  author       = "Dapeng Liu and Qing Wang and Junchao Xiao",
  title        = "The role of software process simulation modeling in software risk management: {A} systematic review",
  pages        = "302--311",
  ISBN         = "9781-424-4484-2-5",
  month        = oct,
  year         = "2009",
  booktitle    = "3rd International Symposium on Empirical Software Engineering and Measurement",
  doi          = "10.1109/ESEM.2009.5315982",
  URL          = "http://dx.doi.org/10.1109/ESEM.2009.5315982",
  publisher    = "Institute of Electrical and Electronics Engineers",
}

@inproceedings{AlejandroLopez_et_al_2009,
  author       = "Alejandro Lopez and Joaquín Nicolas and Ambrosio Toval",
  title        = "Risks and Safeguards for the Requirements Engineering Process in Global Software Development",
  pages        = "394--399",
  ISBN         = "978-0-7695-3710-8",
  month        = jul,
  year         = "2009",
  booktitle    = "Fourth IEEE International Conference on Global Software Engineering",
  doi          = "10.1109/ICGSE.2009.62",
  URL          = "http://dx.doi.org/10.1109/ICGSE.2009.62",
  publisher    = "Institute of Electrical and Electronics Engineers",
}

@Article{FranciscoJLucas_et_al_2009,
  journal      = "Information and Software Technology",
  author       = "Francisco J. Lucas and Fernando Molina and Ambrosio Toval",
  title        = "A systematic review of {UML} model consistency management",
  pages        = "1631--1645",
  month        = dec,
  volume       = "51",
  year         = "2009",
  number       = "12",
  doi          = "10.1016/j.infsof.2009.04.009",
  URL          = "http://dx.doi.org/10.1016/j.infsof.2009.04.009",
  publisher    = "Elsevier",
}

@inproceedings{StephenGMacDonell_et_al_2007,
  author       = "Stephen G. MacDonell and Martin J. Shepperd",
  title        = "Comparing Local and Global Software Effort Estimation Models -- Reflections on a Systematic Review",
  pages        = "401--409",
  ISBN         = "978-0-7695-2886-1",
  month        = sep,
  year         = "2007",
  booktitle    = "First International Symposium on Empirical Software Engineering and Measurement (ESEM 2007)",
  doi          = "10.1109/ESEM.2007.45",
  URL          = "http://dx.doi.org/10.1109/ESEM.2007.45",
  publisher    = "Institute of Electrical and Electronics Engineers",
}

@Article{AndréaMagalhãesMagdaleno_et_al_2012,
  journal      = "Journal of Systems and Software",
  author       = "Andréa Magalhães Magdaleno and Cláudia Maria Lima Werner and Renata Mendes de Araujo",
  title        = "Reconciling software development models: {A} quasi-systematic review",
  pages        = "351--369",
  month        = feb,
  volume       = "85",
  year         = "2012",
  number       = "2",
  doi          = "10.1016/j.jss.2011.08.028",
  URL          = "http://dx.doi.org/10.1016/j.jss.2011.08.028",
  publisher    = "Elsevier",
}

@Article{SaraMahdaviHezavehi_et_al_2012,
  journal      = "Information and Software Technology",
  author       = "Sara Mahdavi-Hezavehi and Matthias Galster and Paris Avgeriou",
  title        = "Variability in quality attributes of service-based software systems: {A} systematic literature review",
  month        = sep,
  year         = "2012",
  doi          = "10.1016/j.infsof.2012.08.010",
  URL          = "http://dx.doi.org/10.1016/j.infsof.2012.08.010",
  publisher    = "Elsevier",
}

@InProceedings{CMair_et_al_2009,
  author       = "C. Mair and M. Martincova and MJ Shepperd",
  title        = "A literature review of expert problem solving using analogy",
  year         = "2009",
  booktitle    = "13th International Conference on Evaluation \& Assessment in Software Engineering (EASE), Durham, April 2009.",
}

@inproceedings{CMair_et_al_2005,
  author       = "C. Mair and M. Shepperd",
  title        = "The consistency of empirical comparisons of regression and analogy-based software project cost prediction",
  pages        = "491--500",
  ISBN         = "0-7803-9507-7",
  year         = "2005",
  booktitle    = "International Symposium on Empirical Software Engineering",
  doi          = "10.1109/ISESE.2005.1541858",
  URL          = "http://dx.doi.org/10.1109/ISESE.2005.1541858",
  publisher    = "Institute of Electrical and Electronics Engineers",
}

@Article{CarolynMair_et_al_2005,
  journal      = "ACM SIGSOFT Software Engineering Notes",
  author       = "Carolyn Mair and Martin Shepperd and Magne Jørgensen",
  title        = "An analysis of data sets used to train and validate cost prediction systems",
  pages        = "1",
  month        = jul,
  volume       = "30",
  year         = "2005",
  number       = "4",
  doi          = "10.1145/1082983.1083166",
  URL          = "http://dx.doi.org/10.1145/1082983.1083166",
  publisher    = "Association for Computing Machinery",
}

@Inproceedings{EMendes_2005,
  author       = "E. Mendes",
  title        = "A systematic review of web engineering research",
  pages        = "481--490",
  ISBN         = "0-7803-9507-7",
  year         = "2005",
  booktitle    = "International Symposium on Empirical Software Engineering",
  doi          = "10.1109/ISESE.2005.1541857",
  URL          = "http://dx.doi.org/10.1109/ISESE.2005.1541857",
  publisher    = "Institute of Electrical and Electronics Engineers",
}

@Article{AntoniLluísMesquida_et_al_2012,
  journal      = "Information and Software Technology",
  author       = "Antoni Lluís Mesquida and Antonia Mas and Esperança Amengual and Jose A. Calvo-Manzano",
  title        = "{IT} Service Management Process Improvement based on {ISO}/{IEC} 15504: {A} systematic review",
  pages        = "239--247",
  month        = mar,
  volume       = "54",
  year         = "2012",
  number       = "3",
  doi          = "10.1016/j.infsof.2011.11.002",
  URL          = "http://dx.doi.org/10.1016/j.infsof.2011.11.002",
  publisher    = "Elsevier",
}

@Inproceedings{SusanMMitchell_et_al_2009,
  author       = "Susan M. Mitchell and Carolyn B. Seaman",
  title        = "A comparison of software cost, duration, and quality for waterfall vs. iterative and incremental development: {A} systematic review",
  pages        = "511--515",
  ISBN         = "9781-424-4484-2-5",
  month        = oct,
  year         = "2009",
  booktitle    = "3rd International Symposium on Empirical Software Engineering and Measurement",
  doi          = "10.1109/ESEM.2009.5314228",
  URL          = "http://dx.doi.org/10.1109/ESEM.2009.5314228",
  publisher    = "Institute of Electrical and Electronics Engineers",
}

@Article{ParastooMohagheghi_et_al_2007,
  journal      = "Empirical Software Engineering",
  author       = "Parastoo Mohagheghi and Reidar Conradi",
  title        = "Quality, productivity and economic benefits of software reuse: a review of industrial studies",
  pages        = "471--516",
  month        = sep,
  volume       = "12",
  year         = "2007",
  number       = "5",
  doi          = "10.1007/s10664-007-9040-x",
  URL          = "http://dx.doi.org/10.1007/s10664-007-9040-x",
  publisher    = "Springer-Verlag",
}

@Book{ParastooMohagheghi_et_al_2008,
  author       = "Parastoo Mohagheghi and Vegard Dehlen",
  editor       = "Ina Schieferdecker and AlanEditors Hartman",
  title        = "Lecture Notes in Computer Science",
  pages        = "432--443",
  ISBN         = "978-3-540-69095-5",
  volume       = "5095",
  year         = "2008",
  doi          = "10.1007/978-3-540-69100-6_31",
  URL          = "http://dx.doi.org/10.1007/978-3-540-69100-6\_31",
  publisher    = "Springer-Verlag",
}

@Article{ParastooMohagheghi_et_al_2009,
  journal      = "Information and Software Technology",
  author       = "Parastoo Mohagheghi and Vegard Dehlen and Tor Neple",
  title        = "Definitions and approaches to model quality in model-based software development – {A} review of literature",
  pages        = "1646--1669",
  month        = dec,
  volume       = "51",
  year         = "2009",
  number       = "12",
  doi          = "10.1016/j.infsof.2009.04.004",
  URL          = "http://dx.doi.org/10.1016/j.infsof.2009.04.004",
  publisher    = "Elsevier",
}

@Inproceedings{MiguelJMonasor_et_al_2010,
  author       = "Miguel J. Monasor and Aurora Vizcaino and Mario Piattini and Ismael Caballero",
  title        = "Preparing Students and Engineers for Global Software Development: {A} Systematic Review",
  pages        = "177--186",
  ISBN         = "9781-424-4761-9-0",
  month        = aug,
  year         = "2010",
  booktitle    = "5th IEEE International Conference on Global Software Engineering",
  doi          = "10.1109/ICGSE.2010.28",
  URL          = "http://dx.doi.org/10.1109/ICGSE.2010.28",
  publisher    = "Institute of Electrical and Electronics Engineers",
}

@InProceedings{SoniaMontagud_et_al_2009,
  series       = "SPLC '09",
  author       = "Sonia Montagud and Silvia Abrahao",
  title        = "Gathering current knowledge about quality evaluation in software product lines",
  address      = "Pittsburgh, PA, USA",
  acmid        = "1753249",
  location     = "San Francisco, California",
  pages        = "91--100",
  numpages     = "10",
  year         = "2009",
  booktitle    = "Proceedings of the 13th International Software Product Line Conference",
  URL          = "http://dl.acm.org/citation.cfm?id=1753235.1753249",
  publisher    = "Carnegie Mellon University",
}

@Article{SoniaMontagud_et_al_2012,
  journal      = "Software Quality Journal",
  author       = "Sonia Montagud and Silvia Abrahao and Emilio Insfran",
  title        = "A systematic review of quality attributes and measures for software product lines",
  pages        = "425--486",
  month        = sep,
  volume       = "20",
  year         = "2012",
  number       = "3-4",
  doi          = "10.1007/s11219-011-9146-7",
  URL          = "http://dx.doi.org/10.1007/s11219-011-9146-7",
  publisher    = "Springer-Verlag",
}

@Article{ADNeto_et_al_2008,
  journal      = "IEEE Software",
  author       = "A. D. Neto and R. Subramanyan and M. Vieira and G. H. Travassos and F. Shull",
  title        = "Improving Evidence about Software Technologies: {A} Look at Model-Based Testing",
  pages        = "10--13",
  month        = may,
  volume       = "25",
  year         = "2008",
  number       = "3",
  doi          = "10.1109/MS.2008.64",
  URL          = "http://dx.doi.org/10.1109/MS.2008.64",
  publisher    = "Institute of Electrical and Electronics Engineers",
}

@Article{JoaquínNicolas_et_al_2009,
  journal      = "Information and Software Technology",
  author       = "Joaquín Nicolas and Ambrosio Toval",
  title        = "On the generation of requirements specifications from software engineering models: {A} systematic literature review",
  pages        = "1291--1307",
  month        = sep,
  volume       = "51",
  year         = "2009",
  number       = "9",
  doi          = "10.1016/j.infsof.2009.04.001",
  URL          = "http://dx.doi.org/10.1016/j.infsof.2009.04.001",
  publisher    = "Elsevier",
}

@Inproceedings{IndiraNurdiani_et_al_2011,
  author       = "Indira Nurdiani and Ronald Jabangwe and Darja Smite and Daniela Damian",
  title        = "Risk Identification and Risk Mitigation Instruments for Global Software Development: Systematic Review and Survey Results",
  pages        = "36--41",
  ISBN         = "9781-457-7183-9-7",
  month        = aug,
  year         = "2011",
  booktitle    = "IEEE Sixth International Conference on Global Software Engineering Workshop",
  doi          = "10.1109/ICGSE-W.2011.16",
  URL          = "http://dx.doi.org/10.1109/ICGSE-W.2011.16",
  publisher    = "Institute of Electrical and Electronics Engineers",
}

@Article{CarlaPacheco_et_al_2012,
  journal      = "Journal of Systems and Software",
  author       = "Carla Pacheco and Ivan Garcia",
  title        = "A systematic literature review of stakeholder identification methods in requirements elicitation",
  pages        = "2171--2181",
  month        = sep,
  volume       = "85",
  year         = "2012",
  number       = "9",
  doi          = "10.1016/j.jss.2012.04.075",
  URL          = "http://dx.doi.org/10.1016/j.jss.2012.04.075",
  publisher    = "Elsevier",
}

@Article{JeremyRPate_et_al_2011,
  journal      = "Journal of Software Maintenance and Evolution: Research and Practice",
  author       = "Jeremy R. Pate and Robert Tairas and Nicholas A. Kraft",
  title        = "Clone evolution: a systematic review",
  month        = nov,
  year         = "2011",
  doi          = "10.1002/smr.579",
  URL          = "http://dx.doi.org/10.1002/smr.579",
  publisher    = "Wiley Blackwell (John Wiley & Sons)",
}

@Article{JohnStoubyPersson_et_al_2009,
  journal      = "IEEE Transactions on Engineering Management",
  author       = "John Stouby Persson and Lars Mathiassen and Jesper Boeg and Thomas Stenskrog Madsen and Flemming Steinson",
  title        = "Managing Risks in Distributed Software Projects: An Integrative Framework",
  pages        = "508--532",
  month        = aug,
  volume       = "56",
  year         = "2009",
  number       = "3",
  doi          = "10.1109/TEM.2009.2013827",
  URL          = "http://dx.doi.org/10.1109/TEM.2009.2013827",
  publisher    = "Institute of Electrical and Electronics Engineers",
}

@Article{KaiPetersen_2011,
  journal      = "Information and Software Technology",
  author       = "Kai Petersen",
  title        = "Measuring and predicting software productivity: {A} systematic map and review",
  pages        = "317--343",
  month        = apr,
  volume       = "53",
  year         = "2011",
  number       = "4",
  doi          = "10.1016/j.infsof.2010.12.001",
  URL          = "http://dx.doi.org/10.1016/j.infsof.2010.12.001",
  publisher    = "Elsevier",
}

@Article{HakanPetersson_et_al_2004,
  journal      = "Journal of Systems and Software",
  author       = "Hakan Petersson and Thomas Thelin and Per Runeson and Claes Wohlin",
  title        = "Capture–recapture in software inspections after 10 years research––theory, evaluation and application",
  ISSN         = "0164-1212",
  pages        = "249--264",
  volume       = "72",
  year         = "2004",
  number       = "2",
  URL          = "http://www.sciencedirect.com/science/article/pii/S0164121203000906",
  doi          = "10.1016/S0164-1212(03)00090-6",
  note         = "",
}

@Article{JavierPortilloRodriguez_et_al_2012,
  journal      = "Information and Software Technology",
  author       = "Javier Portillo-Rodriguez and Aurora Vizcaino and Mario Piattini and Sarah Beecham",
  title        = "Tools used in Global Software Engineering: {A} systematic mapping review",
  pages        = "663--685",
  month        = jul,
  volume       = "54",
  year         = "2012",
  number       = "7",
  doi          = "10.1016/j.infsof.2012.02.006",
  URL          = "http://dx.doi.org/10.1016/j.infsof.2012.02.006",
  publisher    = "Elsevier",
}

@Inproceedings{RialettePretorius_et_al_2008,
  author       = "Rialette Pretorius and David Budgen",
  title        = "A mapping study on empirical evidence related to the models and forms used in the uml",
  pages        = "342",
  ISBN         = "9781-595-9397-1-5",
  year         = "2008",
  booktitle    = "Proceedings of the Second ACM-IEEE international symposium on Empirical software engineering and measurement - ESEM '08",
  doi          = "10.1145/1414004.1414076",
  URL          = "http://dx.doi.org/10.1145/1414004.1414076",
  publisher    = "Association for Computing Machinery",
}

@InProceedings{RPrikladnicki_et_al_2008,
  author       = "R. Prikladnicki and D. Damian and J. L. N. Audy",
  title        = "Patterns of evolution in the practice of distributed software development: quantitative results from a systematic review",
  year         = "2008",
  booktitle    = "Proceedings of the 12th Conference on Evaluation and Assessment in Software Engineering (EASE'08)",
}

@Article{RafaelPrikladnicki_et_al_2010,
  journal      = "Information and Software Technology",
  author       = "Rafael Prikladnicki and Jorge Luis Nicolas Audy",
  title        = "Process models in the practice of distributed software development: {A} systematic review of the literature",
  pages        = "779--791",
  month        = aug,
  volume       = "52",
  year         = "2010",
  number       = "8",
  doi          = "10.1016/j.infsof.2010.03.009",
  URL          = "http://dx.doi.org/10.1016/j.infsof.2010.03.009",
  publisher    = "Elsevier",
}

@Article{RickRabiser_et_al_2010,
  journal      = "Information and Software Technology",
  author       = "Rick Rabiser and Paul Gruenbacher and Deepak Dhungana",
  title        = "Requirements for product derivation support: Results from a systematic literature review and an expert survey",
  pages        = "324--346",
  month        = mar,
  volume       = "52",
  year         = "2010",
  number       = "3",
  doi          = "10.1016/j.infsof.2009.11.001",
  URL          = "http://dx.doi.org/10.1016/j.infsof.2009.11.001",
  publisher    = "Elsevier",
}

@InProceedings{AWRainer_et_al_2009,
  author       = "AW Rainer and S. Beecham and C. Sanderson",
  title        = "An assessment of published evaluations of requirements management tools",
  year         = "2009",
  booktitle    = "Proceedings of the 13th International Conference on Evaluation and Assessment in Software Engineering",
}

@Article{VRamesh_et_al_2004,
  journal      = "Journal of Systems and Software",
  author       = "V. Ramesh and Robert L. Glass and Iris Vessey",
  title        = "Research in computer science: an empirical study",
  pages        = "165--176",
  month        = feb,
  volume       = "70",
  year         = "2004",
  number       = "1-2",
  doi          = "10.1016/S0164-1212(03)00015-3",
  URL          = "http://dx.doi.org/10.1016/S0164-1212(03)00015-3",
  publisher    = "Elsevier",
}

@Book{MichielRenger_et_al_2008,
  author       = "Michiel Renger and Gwendolyn L. Kolfschoten and Gert-Jan Vreede",
  editor       = "Will Aalst and John Mylopoulos and Norman M. Sadeh and Michael J. Shaw and Clemens Szyperski and Jan L. G. Dietz and Antonia Albani and JosephEditors Barjis",
  title        = "Lecture Notes in Business Information Processing",
  pages        = "61--77",
  ISBN         = "978-3-540-68643-9",
  volume       = "10",
  year         = "2008",
  doi          = "10.1007/978-3-540-68644-6_5",
  URL          = "http://dx.doi.org/10.1007/978-3-540-68644-6\_5",
  publisher    = "Springer-Verlag",
}

@Inproceedings{MehwishRiaz_et_al_2009,
  author       = "Mehwish Riaz and Emilia Mendes and Ewan Tempero",
  title        = "A systematic review of software maintainability prediction and metrics",
  pages        = "367--377",
  ISBN         = "9781-424-4484-2-5",
  month        = oct,
  year         = "2009",
  booktitle    = "3rd International Symposium on Empirical Software Engineering and Measurement",
  doi          = "10.1109/ESEM.2009.5314233",
  URL          = "http://dx.doi.org/10.1109/ESEM.2009.5314233",
  publisher    = "Institute of Electrical and Electronics Engineers",
}

@Article{KRinkevics_et_al_2012,
  journal      = "Information and Software Technology",
  author       = "K. Rinkevics and R. Torkar",
  title        = "Equality in cumulative voting: {A} systematic review with an improvement proposal",
  month        = aug,
  year         = "2012",
  doi          = "10.1016/j.infsof.2012.08.004",
  URL          = "http://dx.doi.org/10.1016/j.infsof.2012.08.004",
  publisher    = "Elsevier",
}

@Article{PRuneson_et_al_2006,
  journal      = "IEEE Software",
  author       = "P. Runeson and C. Andersson and T. Thelin and A. Andrews and T. Berling",
  title        = "What do we know about defect detection methods?",
  pages        = "82--90",
  month        = may,
  volume       = "23",
  year         = "2006",
  number       = "3",
  doi          = "10.1109/MS.2006.89",
  URL          = "http://dx.doi.org/10.1109/MS.2006.89",
  publisher    = "Institute of Electrical and Electronics Engineers",
}

@Article{NorsaremahSalleh_et_al_2011,
  journal      = "IEEE Transactions on Software Engineering",
  author       = "Norsaremah Salleh and Emilia Mendes and John Grundy",
  title        = "Empirical Studies of Pair Programming for {CS}/{SE} Teaching in Higher Education: {A} Systematic Literature Review",
  pages        = "509--525",
  month        = jul,
  volume       = "37",
  year         = "2011",
  number       = "4",
  doi          = "10.1109/TSE.2010.59",
  URL          = "http://dx.doi.org/10.1109/TSE.2010.59",
  publisher    = "Institute of Electrical and Electronics Engineers",
}

@Article{IvanSantiago_et_al_2012,
  journal      = "Information and Software Technology",
  author       = "Ivan Santiago and Alvaro Jimenez and Juan Manuel Vara and Valeria De Castro and Veronica A. Bollati and Esperanza Marcos",
  title        = "Model-Driven Engineering as a new landscape for traceability management: {A} systematic literature review",
  pages        = "1340--1356",
  month        = dec,
  volume       = "54",
  year         = "2012",
  number       = "12",
  doi          = "10.1016/j.infsof.2012.07.008",
  URL          = "http://dx.doi.org/10.1016/j.infsof.2012.07.008",
  publisher    = "Elsevier",
}

@Inproceedings{PauloSergioMedeirosdosSantos_et_al_2009,
  author       = "Paulo Sergio Medeiros dos Santos and Guilherme Horta Travassos",
  title        = "Action research use in software engineering: An initial survey",
  pages        = "414--417",
  ISBN         = "9781-424-4484-2-5",
  month        = oct,
  year         = "2009",
  booktitle    = "3rd International Symposium on Empirical Software Engineering and Measurement",
  doi          = "10.1109/ESEM.2009.5316013",
  URL          = "http://dx.doi.org/10.1109/ESEM.2009.5316013",
  publisher    = "Institute of Electrical and Electronics Engineers",
}

@Inproceedings{JuhaSavolainen_et_al_2009,
  author       = "Juha Savolainen and Varvana Myllarniemi",
  title        = "Layered architecture revisited --- comparison of research and practice",
  pages        = "317--320",
  ISBN         = "9781-424-4498-4-2",
  month        = sep,
  year         = "2009",
  booktitle    = "Joint Working IEEE/IFIP Conference on Software Architecture \& European Conference on Software Architecture",
  doi          = "10.1109/WICSA.2009.5290685",
  URL          = "http://dx.doi.org/10.1109/WICSA.2009.5290685",
  publisher    = "Institute of Electrical and Electronics Engineers",
}

@Inproceedings{PanagiotisSfetsos_et_al_2010,
  author       = "Panagiotis Sfetsos and Ioannis Stamelos",
  title        = "Empirical Studies on Quality in Agile Practices: {A} Systematic Literature Review",
  pages        = "44--53",
  ISBN         = "9781-424-4853-9-0",
  month        = sep,
  year         = "2010",
  booktitle    = "Seventh International Conference on the Quality of Information and Communications Technology",
  doi          = "10.1109/QUATIC.2010.17",
  URL          = "http://dx.doi.org/10.1109/QUATIC.2010.17",
  publisher    = "Institute of Electrical and Electronics Engineers",
}

@Article{AliShahrokni_et_al_2013,
  journal      = "Information and Software Technology",
  author       = "Ali Shahrokni and Robert Feldt",
  title        = "A systematic review of software robustness",
  pages        = "1--17",
  month        = jan,
  volume       = "55",
  year         = "2013",
  number       = "1",
  doi          = "10.1016/j.infsof.2012.06.002",
  URL          = "http://dx.doi.org/10.1016/j.infsof.2012.06.002",
  publisher    = "Elsevier",
}

@inproceedings{AbhishekSharma_et_al_2012,
  author       = "Abhishek Sharma and Theodore D. Hellmann and Frank Maurer",
  title        = "Testing of web services - {A} systematic mapping",
  pages        = "346--352",
  ISBN         = "9781-467-3305-3-4",
  month        = jun,
  year         = "2012",
  booktitle    = "IEEE Eighth World Congress on Services",
  doi          = "10.1109/SERVICES.2012.21",
  URL          = "http://dx.doi.org/10.1109/SERVICES.2012.21",
  publisher    = "Institute of Electrical and Electronics Engineers",
}

@Article{HelenSharp_et_al_2009,
  journal      = "Information and Software Technology",
  author       = "Helen Sharp and Nathan Baddoo and Sarah Beecham and Tracy Hall and Hugh Robinson",
  title        = "Models of motivation in software engineering",
  pages        = "219--233",
  month        = jan,
  volume       = "51",
  year         = "2009",
  number       = "1",
  doi          = "10.1016/j.infsof.2008.05.009",
  URL          = "http://dx.doi.org/10.1016/j.infsof.2008.05.009",
  publisher    = "Elsevier",
}

@inproceedings{MartinShepperd_2007,
  author       = "Martin Shepperd",
  title        = "Software project economics: a roadmap",
  pages        = "304--315",
  ISBN         = "0-7695-2829-5",
  month        = may,
  year         = "2007",
  booktitle    = "Future of Software Engineering (FOSE '07)",
  doi          = "10.1109/FOSE.2007.23",
  URL          = "http://dx.doi.org/10.1109/FOSE.2007.23",
  publisher    = "Institute of Electrical and Electronics Engineers",
}

@Article{DIKSjoeberg_et_al_2005,
  journal      = "IEEE Transactions on Software Engineering",
  author       = "D. I. K. Sjoeberg and J. E. Hannay and O. Hansen and V. B. Kampenes and A. Karahasanovic and N.-K. Liborg and A. C. Rekdal",
  title        = "A survey of controlled experiments in software engineering",
  pages        = "733--753",
  month        = sep,
  volume       = "31",
  year         = "2005",
  number       = "9",
  doi          = "10.1109/TSE.2005.97",
  URL          = "http://dx.doi.org/10.1109/TSE.2005.97",
  publisher    = "Institute of Electrical and Electronics Engineers",
}

@inproceedings{DarjaSmite_et_al_2008,
  author       = "Darja Smite and Claes Wohlin and Robert Feldt and Tony Gorschek",
  title        = "Reporting Empirical Research in Global Software Engineering: {A} Classification Scheme",
  pages        = "173--181",
  ISBN         = "978-0-7695-3280-6",
  month        = aug,
  year         = "2008",
  booktitle    = "IEEE International Conference on Global Software Engineering",
  doi          = "10.1109/ICGSE.2008.22",
  URL          = "http://dx.doi.org/10.1109/ICGSE.2008.22",
  publisher    = "Institute of Electrical and Electronics Engineers",
}

@Article{FabioQBdaSilva_et_al_2012,
  journal      = "Journal of Software: Evolution and Process",
  author       = "Fabio Q. B. da Silva and Rafael Prikladnicki and A. Cesar C. França and Cleviton V. F. Monteiro and Catarina Costa and Rodrigo Rocha",
  title        = "An evidence-based model of distributed software development project management: results from a systematic mapping study",
  keywords     = "Project Management, Distributed Software Development, Software Engineering, Systematic Literature Review, Systematic Mapping Studies",
  ISSN         = "2047-7481",
  pages        = "625--642",
  volume       = "24",
  year         = "2012",
  number       = "6",
  doi          = "10.1002/smr.563",
  URL          = "http://dx.doi.org/10.1002/smr.563",
  publisher    = "John Wiley & Sons, Ltd",
}

@inproceedings{SimoneRSSouza_et_al_2011,
  author       = "Simone R. S. Souza and Maria A. S. Brito and Rodolfo A. Silva and Paulo S. L. Souza and Ed Zaluska",
  title        = "Research in concurrent software testing",
  pages        = "1",
  ISBN         = "9781450308090",
  year         = "2011",
  booktitle    = "Proceedings of the Workshop on Parallel and Distributed Systems Testing, Analysis, and Debugging - PADTAD '11",
  doi          = "10.1145/2002962.2002964",
  URL          = "http://dx.doi.org/10.1145/2002962.2002964",
  publisher    = "Association for Computing Machinery",
}

@Book{EdnaldoDilorenzoSouzaFilho_et_al_2008,
  author       = "Ednaldo Dilorenzo Souza Filho and Ricardo Oliveira Cavalcanti and Danuza F. S. Neiva and Thiago H. B. Oliveira and Liana Barachisio Lisboa and Eduardo Santana Almeida and Silvio Romero Lemos Meira",
  editor       = "Ron Morrison and Dharini Balasubramaniam and KatrinaEditors Falkner",
  title        = "Lecture Notes in Computer Science",
  pages        = "50--65",
  ISBN         = "978-3-540-88029-5",
  volume       = "5292",
  year         = "2008",
  doi          = "10.1007/978-3-540-88030-1_6",
  URL          = "http://dx.doi.org/10.1007/978-3-540-88030-1\_6",
  publisher    = "Springer-Verlag",
}

@Article{IvoneiFreitasdaSilva_et_al_2011,
  journal      = "Software: Practice and Experience",
  author       = "Ivonei Freitas da Silva and Paulo Anselmo da Mota Silveira Neto and Pádraig O'Leary and Eduardo Santana de Almeida and Silvio Romero de Lemos Meira",
  title        = "Agile software product lines: a systematic mapping study",
  keywords     = "systematic mapping study, Agile methods, software product lines, Agile principles",
  ISSN         = "1097-024X",
  pages        = "899--920",
  volume       = "41",
  year         = "2011",
  number       = "8",
  doi          = "10.1002/spe.1078",
  URL          = "http://dx.doi.org/10.1002/spe.1078",
  publisher    = "John Wiley & Sons, Ltd.",
}

@InCollection{ZornitzaRacheva_et_al_2009,
  series       = "Lecture Notes in Business Information Processing",
  keyword      = "Computer Science",
  pages        = "141--155",
  booktitle    = "Product-Focused Software Process Improvement",
  URL          = "http://dx.doi.org/10.1007/978-3-642-02152-7_12",
  publisher    = "Springer Berlin Heidelberg",
  author       = "Zornitza Racheva and Maya Daneva and Klaas Sikkel",
  title        = "Value Creation by Agile Projects: Methodology or Mystery?",
  editor       = "Frank Bomarius and Markku Oivo and Päivi Jaring and Pekka Abrahamsson and Wil Aalst and John Mylopoulos and Michael Rosemann and Michael J. Shaw and Clemens Szyperski",
  ISBN         = "978-3-642-02152-7",
  volume       = "32",
  year         = "2009",
  affiliation  = "University of Twente Drienerlolaan 5 Enschede 7500 The Netherlands",
  note         = "10.1007/978-3-642-02152-7\_12",
}

@InCollection{RachelBurrows_et_al_2010,
  series       = "Communications in Computer and Information Science",
  keyword      = "Computer Science",
  pages        = "277--290",
  booktitle    = "Evaluation of Novel Approaches to Software Engineering",
  URL          = "http://dx.doi.org/10.1007/978-3-642-14819-4\_20",
  publisher    = "Springer Berlin Heidelberg",
  author       = "Rachel Burrows and Alessandro Garcia and Francois Taiani",
  title        = "Coupling Metrics for Aspect-Oriented Programming: {A} Systematic Review of Maintainability Studies",
  editor       = "Leszek A. Maciaszek and Cesar Gonzalez-Perez and Stefan Jablonski",
  ISBN         = "978-3-642-14819-4",
  volume       = "69",
  year         = "2010",
  affiliation  = "Computing Department, Lancaster University, U.K.",
  note         = "10.1007/978-3-642-14819-4\_20",
}

@Article{FabiodaSilva_et_al_0000,
  journal      = "Empirical Software Engineering",
  author       = "Fabio da Silva and Marcos Suassuna and A. Franca and Alicia Grubb and Tatiana Gouveia and Cleviton Monteiro and Igor dos Santos",
  title        = "Replication of empirical studies in software engineering research: a systematic mapping study",
  ISSN         = "1382-3256",
  pages        = "1--57",
  keyword      = "Computer Science",
  affiliation  = "Centre for Informatics, Federal University of Pernambuco, Recife, PE, Brazil",
  note         = "10.1007/s10664-012-9227-7",
  URL          = "http://dx.doi.org/10.1007/s10664-012-9227-7",
  publisher    = "Springer Netherlands",
  year         = 2012,
}

@Article{FranciscoPino_et_al_2008,
  ISSN         = "0963-9314",
  keyword      = "Computer Science",
  pages        = "237--261",
  issue        = "2",
  URL          = "http://dx.doi.org/10.1007/s11219-007-9038-z",
  publisher    = "Springer Netherlands",
  journal      = "Software Quality Journal",
  author       = "Francisco Pino and Felix Garcia and Mario Piattini",
  title        = "Software process improvement in small and medium software enterprises: a systematic review",
  volume       = "16",
  year         = "2008",
  affiliation  = "University of Cauca IDIS Research Group, Electronic and Telecommunications Engineering Faculty Street 5 # 4 – 70 Popayan Colombia",
  note         = "10.1007/s11219-007-9038-z",
}

@Article{TomasMartinezRuiz_et_al_2012,
  ISSN         = "0963-9314",
  keyword      = "Computer Science",
  pages        = "229--260",
  issue        = "1",
  URL          = "http://dx.doi.org/10.1007/s11219-011-9147-6",
  publisher    = "Springer Netherlands",
  journal      = "Software Quality Journal",
  author       = "Tomas Martinez-Ruiz and Juergen Muench and Felix Garcia and Mario Piattini",
  title        = "Requirements and constructors for tailoring software processes: a systematic literature review",
  volume       = "20",
  year         = "2012",
  affiliation  = "Alarcos Research Group, Department of Information Technologies and Systems, Escuela Superior de Informática, University of Castilla-La Mancha, Paseo de la Universidad 4, 13071 Ciudad Real, Spain",
  note         = "10.1007/s11219-011-9147-6",
}

@Article{MarkStaples_et_al_2008,
  journal      = "Information and Software Technology",
  author       = "Mark Staples and Mahmood Niazi",
  title        = "Systematic review of organizational motivations for adopting {CMM}-based {SPI}",
  pages        = "605--620",
  month        = jun,
  volume       = "50",
  year         = "2008",
  number       = "7-8",
  doi          = "10.1016/j.infsof.2007.07.003",
  URL          = "http://dx.doi.org/10.1016/j.infsof.2007.07.003",
  publisher    = "Elsevier",
}

@inproceedings{KlaasJanStol_et_al_2009,
  author       = "Klaas-Jan Stol and Muhammad Ali Babar and Barbara Russo and Brian Fitzgerald",
  title        = "The use of empirical methods in Open Source Software research: Facts, trends and future directions",
  pages        = "19--24",
  ISBN         = "9781-424-4372-0-7",
  month        = may,
  year         = "2009",
  booktitle    = "ICSE Workshop on Emerging Trends in Free/Libre/Open Source Software Research and Development",
  doi          = "10.1109/FLOSS.2009.5071355",
  URL          = "http://dx.doi.org/10.1109/FLOSS.2009.5071355",
  publisher    = "Institute of Electrical and Electronics Engineers",
}

@inproceedings{MSulayman_et_al_2011,
  author       = "M. Sulayman and E. Mendes",
  title        = "An extended systematic review of software process Improvement in small and medium web companies",
  pages        = "134--143",
  ISBN         = "978-1-84919-509-6",
  year         = "2011",
  booktitle    = "15th Annual Conference on Evaluation \& Assessment in Software Engineering (EASE 2011)",
  doi          = "10.1049/ic.2011.0017",
  URL          = "http://dx.doi.org/10.1049/ic.2011.0017",
  publisher    = "Institution of Electrical Engineers",
}

@Article{MikaelSvahnberg_et_al_2010,
  journal      = "Information and Software Technology",
  author       = "Mikael Svahnberg and Tony Gorschek and Robert Feldt and Richard Torkar and Saad Bin Saleem and Muhammad Usman Shafique",
  title        = "A systematic review on strategic release planning models",
  pages        = "237--248",
  month        = mar,
  volume       = "52",
  year         = "2010",
  number       = "3",
  doi          = "10.1016/j.infsof.2009.11.006",
  URL          = "http://dx.doi.org/10.1016/j.infsof.2009.11.006",
  publisher    = "Elsevier",
}

@inproceedings{TouseefTahir_et_al_2011,
  author       = "Touseef Tahir and Ali Jafar",
  title        = "A Systematic Review on Software Measurement Programs",
  pages        = "39--44",
  ISBN         = "9781-467-3020-9-8",
  month        = dec,
  year         = "2011",
  booktitle    = "Frontiers of Information Technology",
  doi          = "10.1109/FIT.2011.15",
  URL          = "http://dx.doi.org/10.1109/FIT.2011.15",
  publisher    = "Institute of Electrical and Electronics Engineers",
}

@inproceedings{SoheilaBashardoustTajali_et_al_2011,
  author       = "Soheila Bashardoust Tajali and Vojislav D. Radonjic and Jean-Pierre Corriveau",
  title        = "Challenges of Variability in Model-Driven and Transformational Approaches: {A} Systematic Survey",
  pages        = "294--301",
  ISBN         = "9781-612-8439-9-5",
  month        = jun,
  year         = "2011",
  booktitle    = "Ninth Working IEEE/IFIP Conference on Software Architecture",
  doi          = "10.1109/WICSA.2011.46",
  URL          = "http://dx.doi.org/10.1109/WICSA.2011.46",
  publisher    = "Institute of Electrical and Electronics Engineers",
}

@Article{MTorchiano_et_al_2004,
  journal      = "IEEE Software",
  author       = "M. Torchiano and M. Morisio",
  title        = "Overlooked aspects of {COTS}-based development",
  pages        = "88--93",
  month        = mar,
  volume       = "21",
  year         = "2004",
  number       = "2",
  doi          = "10.1109/MS.2004.1270770",
  URL          = "http://dx.doi.org/10.1109/MS.2004.1270770",
  publisher    = "Institute of Electrical and Electronics Engineers",
}

@Article{RICHARDTORKAR_et_al_2012,
  journal      = "International Journal of Software Engineering and Knowledge Engineering",
  author       = "RICHARD Torkar and TONY Gorschek and ROBERT Feldt and MIKAEL Svahnberg and UZAIR AKBAR Raja and KASHIF Kamran",
  title        = "REQUIREMENTS TRACEABILITY: {A} SYSTEMATIC REVIEW AND INDUSTRY CASE STUDY",
  pages        = "385--433",
  month        = may,
  volume       = "22",
  year         = "2012",
  number       = "03",
  doi          = "10.1142/S021819401250009X",
  URL          = "http://dx.doi.org/10.1142/S021819401250009X",
  publisher    = "World Scientific",
}

@InBook{AdamTrendowicz_et_al_2009,
  author       = "Adam Trendowicz and Juergen Muench",
  series       = "Advances in Computers",
  editor       = "Marvin V. Zelkowitz",
  title        = "Factors Influencing Software Development Productivity --- State-of-the-Art and Industrial Experiences",
  ISSN         = "0065-2458",
  pages        = "185--241",
  volume       = "77",
  year         = "2009",
  booktitle    = "",
  URL          = "http://www.sciencedirect.com/science/article/pii/S0065245809012066",
  doi          = "10.1016/S0065-2458(09)01206-6",
  publisher    = "Elsevier",
}

@Article{MarkTurner_et_al_2010,
  journal      = "Information and Software Technology",
  author       = "Mark Turner and Barbara Kitchenham and Pearl Brereton and Stuart Charters and David Budgen",
  title        = "Does the technology acceptance model predict actual use? {A} systematic literature review",
  pages        = "463--479",
  month        = may,
  volume       = "52",
  year         = "2010",
  number       = "5",
  doi          = "10.1016/j.infsof.2009.11.005",
  URL          = "http://dx.doi.org/10.1016/j.infsof.2009.11.005",
  publisher    = "Elsevier",
}

@inproceedings{Hasnain_et_al_2010,
  author       = "Eisha Hasnain",
  title        = "An overview of published agile studies",
  pages        = "1--6",
  ISBN         = "9781450300261",
  year         = "2010",
  booktitle    = "Proceedings of the 2010 National Software Engineering Conference on - NSEC '10",
  doi          = "10.1145/1890810.1890813",
  URL          = "http://dx.doi.org/10.1145/1890810.1890813",
  publisher    = "Association for Computing Machinery",
}

@inproceedings{Segal_et_al_2005,
  author       = "Judith Segal and Antony Grinyer and Helen Sharp",
  title        = "The type of evidence produced by empirical software engineers",
  pages        = "1--4",
  ISBN         = "1-59593-121-X",
  year         = "2005",
  booktitle    = "Proceedings of the 2005 workshop on Realising evidence-based software engineering - REBSE '05",
  doi          = "10.1145/1083174.1083176",
  URL          = "http://dx.doi.org/10.1145/1083174.1083176",
  publisher    = "Association for Computing Machinery",
}

@Article{MichaelUnterkalmsteiner_et_al_2012,
  journal      = "IEEE Transactions on Software Engineering",
  author       = "Michael Unterkalmsteiner and Tony Gorschek and A. K. M. Moinul Islam and Chow Kian Cheng and Rahadian Bayu Permadi and Robert Feldt",
  title        = "Evaluation and Measurement of Software Process Improvement --- {A} Systematic Literature Review",
  pages        = "398--424",
  month        = mar,
  volume       = "38",
  year         = "2012",
  number       = "2",
  doi          = "10.1109/TSE.2011.26",
  URL          = "http://dx.doi.org/10.1109/TSE.2011.26",
  publisher    = "Institute of Electrical and Electronics Engineers",
}

@Article{LEXVANVELSEN_et_al_2008,
  journal      = "The Knowledge Engineering Review",
  author       = "LEX {van Velsen} and Thea {van der Geest} and ROB Klaassen and MICHAeL Steehouder",
  title        = "User-centered evaluation of adaptive and adaptable systems: a literature review",
  month        = sep,
  volume       = "23",
  year         = "2008",
  number       = "03",
  doi          = "10.1017/S0269888908001379",
  URL          = "http://dx.doi.org/10.1017/S0269888908001379",
  publisher    = "Cambridge University Press",
}

@Article{GursimranSinghWalia_et_al_2009,
  journal      = "Information and Software Technology",
  author       = "Gursimran Singh Walia and Jeffrey C. Carver",
  title        = "A systematic literature review to identify and classify software requirement errors",
  pages        = "1087--1109",
  month        = jul,
  volume       = "51",
  year         = "2009",
  number       = "7",
  doi          = "10.1016/j.infsof.2009.01.004",
  URL          = "http://dx.doi.org/10.1016/j.infsof.2009.01.004",
  publisher    = "Elsevier",
}

@Article{JianfengWen_et_al_2012,
  journal      = "Information and Software Technology",
  author       = "Jianfeng Wen and Shixian Li and Zhiyong Lin and Yong Hu and Changqin Huang",
  title        = "Systematic literature review of machine learning based software development effort estimation models",
  pages        = "41--59",
  month        = jan,
  volume       = "54",
  year         = "2012",
  number       = "1",
  doi          = "10.1016/j.infsof.2011.09.002",
  URL          = "http://dx.doi.org/10.1016/j.infsof.2011.09.002",
  publisher    = "Elsevier",
}

@Article{MNWicks_et_al_2007,
  journal      = "Journal of Systems and Software",
  author       = "M. N. Wicks and R. G. Dewar",
  title        = "A new research agenda for tool integration",
  pages        = "1569--1585",
  month        = sep,
  volume       = "80",
  year         = "2007",
  number       = "9",
  doi          = "10.1016/j.jss.2007.03.089",
  URL          = "http://dx.doi.org/10.1016/j.jss.2007.03.089",
  publisher    = "Elsevier",
}

@Article{ByronJWilliams_et_al_2010,
  journal      = "Information and Software Technology",
  author       = "Byron J. Williams and Jeffrey C. Carver",
  title        = "Characterizing software architecture changes: {A} systematic review",
  pages        = "31--51",
  month        = jan,
  volume       = "52",
  year         = "2010",
  number       = "1",
  doi          = "10.1016/j.infsof.2009.07.002",
  URL          = "http://dx.doi.org/10.1016/j.infsof.2009.07.002",
  publisher    = "Elsevier",
}

@inproceedings{AnicetYalaho_2006,
  author       = "Anicet Yalaho",
  title        = "A Conceptual Model of {ICT}-Supported Unified Process of International Outsourcing of Software Production",
  pages        = "47--47",
  ISBN         = "0-7695-2743-4",
  month        = oct,
  year         = "2006",
  booktitle    = "10th IEEE International Enterprise Distributed Object Computing Conference Workshops (EDOCW'06)",
  doi          = "10.1109/EDOCW.2006.5",
  URL          = "http://dx.doi.org/10.1109/EDOCW.2006.5",
  publisher    = "Institute of Electrical and Electronics Engineers",
}

@Article{TaoYue_et_al_2011,
  journal      = "Requirements Engineering",
  author       = "Tao Yue and Lionel C. Briand and Yvan Labiche",
  title        = "A systematic review of transformation approaches between user requirements and analysis models",
  pages        = "75--99",
  month        = jun,
  volume       = "16",
  year         = "2011",
  number       = "2",
  doi          = "10.1007/s00766-010-0111-y",
  URL          = "http://dx.doi.org/10.1007/s00766-010-0111-y",
  publisher    = "Springer-Verlag",
}

@inproceedings{ZulfaZakaria_et_al_2009,
  author       = "Zulfa Zakaria and Rodziah Atan and Abdul Azim Abdul Ghani and Nor Fazlida Mohd. Sani",
  title        = "Unit Testing Approaches for {BPEL}: {A} Systematic Review",
  pages        = "316--322",
  ISBN         = "978-0-7695-3909-6",
  month        = dec,
  year         = "2009",
  booktitle    = "16th Asia-Pacific Software Engineering Conference",
  doi          = "10.1109/APSEC.2009.72",
  URL          = "http://dx.doi.org/10.1109/APSEC.2009.72",
  publisher    = "Institute of Electrical and Electronics Engineers",
}

@inproceedings{CarmenZannier_et_al_2006,
  author       = "Carmen Zannier and Grigori Melnik and Frank Maurer",
  title        = "On the success of empirical studies in the international conference on software engineering",
  pages        = "341",
  ISBN         = "1-59593-375-1",
  year         = "2006",
  booktitle    = "Proceeding of the 28th international conference on Software engineering - ICSE '06",
  doi          = "10.1145/1134285.1134333",
  URL          = "http://dx.doi.org/10.1145/1134285.1134333",
  publisher    = "Association for Computing Machinery",
}

@Article{MarvinVZelkowitz_2009,
  journal      = "Journal of Systems and Software",
  author       = "Marvin V. Zelkowitz",
  title        = "An update to experimental models for validating computer technology",
  pages        = "373--376",
  month        = mar,
  volume       = "82",
  year         = "2009",
  number       = "3",
  doi          = "10.1016/j.jss.2008.06.040",
  URL          = "http://dx.doi.org/10.1016/j.jss.2008.06.040",
  publisher    = "Elsevier",
}

@inproceedings{HeZhang_et_al_2011,
  author       = "He Zhang and Muhammad Ali Babar",
  title        = "An Empirical Investigation of Systematic Reviews in Software Engineering",
  pages        = "87--96",
  ISBN         = "9781-457-7220-3-5",
  month        = sep,
  year         = "2011",
  booktitle    = "International Symposium on Empirical Software Engineering and Measurement",
  doi          = "10.1109/ESEM.2011.17",
  URL          = "http://dx.doi.org/10.1109/ESEM.2011.17",
  publisher    = "Institute of Electrical and Electronics Engineers",
}

@Article{ChengZhang_et_al_2012,
  journal      = "IEEE Transactions on Software Engineering",
  author       = "Cheng Zhang and David Budgen",
  title        = "What Do We Know about the Effectiveness of Software Design Patterns?",
  pages        = "1213--1231",
  month        = sep,
  volume       = "38",
  year         = "2012",
  number       = "5",
  doi          = "10.1109/TSE.2011.79",
  URL          = "http://dx.doi.org/10.1109/TSE.2011.79",
  publisher    = "Institute of Electrical and Electronics Engineers",
}

@Article{MinZhang_et_al_2011,
  journal      = "Journal of Software Maintenance and Evolution: Research and Practice",
  author       = "Min Zhang and Tracy Hall and Nathan Baddoo",
  title        = "Code Bad Smells: a review of current knowledge",
  pages        = "179--202",
  month        = apr,
  volume       = "23",
  year         = "2011",
  number       = "3",
  doi          = "10.1002/smr.521",
  URL          = "http://dx.doi.org/10.1002/smr.521",
  publisher    = "Wiley Blackwell (John Wiley \& Sons)",
}

@Book{HeZhang_et_al_2008,
  author       = "He Zhang and Barbara Kitchenham and Dietmar Pfahl",
  editor       = "Qing Wang and Dietmar Pfahl and David M. Editors Raffo",
  title        = "Lecture Notes in Computer Science",
  pages        = "345--356",
  ISBN         = "978-3-540-79587-2",
  volume       = "5007",
  year         = "2008",
  doi          = "10.1007/978-3-540-79588-9_30",
  URL          = "http://dx.doi.org/10.1007/978-3-540-79588-9\_30",
  publisher    = "Springer-Verlag",
}

@inproceedings{HeZhang_et_al_2008a,
  author       = "He Zhang and Barbara Kitchenham and Dietmar Pfahl",
  title        = "Software process simulation over the past decade",
  pages        = "345",
  ISBN         = "9781-595-9397-1-5",
  year         = "2008",
  booktitle    = "Proceedings of the Second ACM-IEEE international symposium on Empirical software engineering and measurement - ESEM '08",
  doi          = "10.1145/1414004.1414077",
  URL          = "http://dx.doi.org/10.1145/1414004.1414077",
  publisher    = "Association for Computing Machinery",
}

@Article{DarjaSmite_et_al_2010,
  journal      = "Empirical Software Engineering",
  author       = "Darja Smite and Claes Wohlin and Tony Gorschek and Robert Feldt",
  title        = "Empirical evidence in global software engineering: a systematic review",
  pages        = "91--118",
  month        = feb,
  volume       = "15",
  year         = "2010",
  number       = "1",
  doi          = "10.1007/s10664-009-9123-y",
  URL          = "http://dx.doi.org/10.1007/s10664-009-9123-y",
  publisher    = "Springer-Verlag",
}
