@article{cunningham1993wycash,
  title={The WyCash portfolio management system},
  author={Cunningham, Ward},
  journal={ACM SIGPLAN OOPS Messenger},
  volume={4},
  number={2},
  pages={29--30},
  year={1993},
  publisher={ACM}
}

@article{lim2012balancing,
  title={A balancing act: What software practitioners have to say about technical debt},
  author={Lim, Erin and Taksande, Nitin and Seaman, Carolyn},
  journal={IEEE software},
  volume={29},
  number={6},
  pages={22--27},
  year={2012},
  publisher={IEEE}
}

@inproceedings{wehaibi2016examining,
  title={Examining the impact of self-admitted technical debt on software quality},
  author={Wehaibi, Sultan and Shihab, Emad and Guerrouj, Latifa},
  booktitle={2016 IEEE 23rd International Conference on Software Analysis, Evolution, and Reengineering (SANER)},
  volume={1},
  pages={179--188},
  year={2016},
  organization={IEEE}
}

@inproceedings{marinescu2010incode,
  title={Incode: Continuous quality assessment and improvement},
  author={Marinescu, Radu and Ganea, George and Verebi, Ioana},
  booktitle={2010 14th European Conference on Software Maintenance and Reengineering},
  pages={274--275},
  year={2010},
  organization={IEEE}
}

@inproceedings{potdar2014exploratory,
  title={An exploratory study on self-admitted technical debt},
  author={Potdar, Aniket and Shihab, Emad},
  booktitle={2014 IEEE International Conference on Software Maintenance and Evolution},
  pages={91--100},
  year={2014},
  organization={IEEE}
}

@inproceedings{maldonado2015detecting,
  title={Detecting and quantifying different types of self-admitted technical debt},
  author={Maldonado, Everton da S and Shihab, Emad},
  booktitle={2015 IEEE 7th International Workshop on Managing Technical Debt (MTD)},
  pages={9--15},
  year={2015},
  organization={IEEE}
}

@article{maldonado2017using,
  title={Using natural language processing to automatically detect self-admitted technical debt},
  author={da Silva Maldonado, Everton and Shihab, Emad and Tsantalis, Nikolaos},
  journal={IEEE Transactions on Software Engineering},
  volume={43},
  number={11},
  pages={1044--1062},
  year={2017},
  publisher={IEEE}
}



@inproceedings{liu2018satd,
  title={SATD detector: a text-mining-based self-admitted technical debt detection tool},
  author={Liu, Zhongxin and Huang, Qiao and Xia, Xin and Shihab, Emad and Lo, David and Li, Shanping},
  booktitle={Proceedings of the 40th International Conference on Software Engineering: Companion Proceeedings},
  pages={9--12},
  year={2018},
  organization={ACM}
}

@inproceedings{alves2014towards,
  title={Towards an ontology of terms on technical debt},
  author={Alves, Nicolli SR and Ribeiro, Leilane F and Caires, Vivyane and Mendes, Thiago S and Sp{\'\i}nola, Rodrigo O},
  booktitle={2014 Sixth International Workshop on Managing Technical Debt},
  pages={1--7},
  year={2014},
  organization={IEEE}
}

@article{marinescu2012assessing,
  title={Assessing technical debt by identifying design flaws in software systems},
  author={Marinescu, Radu},
  journal={IBM Journal of Research and Development},
  volume={56},
  number={5},
  pages={9--1},
  year={2012},
  publisher={IBM}
}

@article{yan2018automating,
  title={Automating change-level self-admitted technical debt determination},
  author={Yan, Meng and Xia, Xin and Shihab, Emad and Lo, David and Yin, Jianwei and Yang, Xiaohu},
  journal={IEEE Transactions on Software Engineering},
  year={2018},
  publisher={IEEE}
}

@inproceedings{maldonado2017empirical,
  title={An empirical study on the removal of self-admitted technical debt},
  author={Maldonado, Everton da S and Abdalkareem, Rabe and Shihab, Emad and Serebrenik, Alexander},
  booktitle={2017 IEEE International Conference on Software Maintenance and Evolution (ICSME)},
  pages={238--248},
  year={2017},
  organization={IEEE}
}

@inproceedings{flisar2018enhanced,
  title={Enhanced Feature Selection Using Word Embeddings for Self-Admitted Technical Debt Identification},
  author={Flisar, Jernej and Podgorelec, Vili},
  booktitle={2018 44th Euromicro Conference on Software Engineering and Advanced Applications (SEAA)},
  pages={230--233},
  year={2018},
  organization={IEEE}
}

