@inproceedings{allier2012framework,
  title={A framework to compare alert ranking algorithms},
  author={Allier, Simon and Anquetil, Nicolas and Hora, Andre and Ducasse, Stephane},
  booktitle={2012 19th Working Conference on Reverse Engineering},
  pages={277--285},
  year={2012},
  organization={IEEE}
}

@inproceedings{avgustinov2015tracking,
  title={Tracking static analysis violations over time to capture developer characteristics},
  author={Avgustinov, Pavel and Baars, Arthur I and Henriksen, Anders S and Lavender, Greg and Menzel, Galen and de Moor, Oege and Sch{\"a}fer, Max and Tibble, Julian},
  booktitle={Proceedings of the 37th International Conference on Software Engineering},
  pages={437--447},
  year={2015},
  organization={IEEE Press}
}

@inproceedings{beller2016analyzing,
  title={Analyzing the state of static analysis: A large-scale evaluation in open source software},
  author={Beller, Moritz and Bholanath, Radjino and McIntosh, Shane and Zaidman, Andy},
  booktitle={2016 IEEE 23rd International Conference on Software Analysis, Evolution, and Reengineering (SANER)},
  volume={1},
  pages={470--481},
  year={2016},
  organization={IEEE}
}

@inproceedings{heckman2013comparative,
  title={A comparative evaluation of static analysis actionable alert identification techniques},
  author={Heckman, Sarah and Williams, Laurie},
  booktitle={Proceedings of the 9th International Conference on Predictive Models in Software Engineering},
  pages={4},
  year={2013},
  organization={ACM}
}

@inproceedings{johnson2013don,
  title={Why don't software developers use static analysis tools to find bugs?},
  author={Johnson, Brittany and Song, Yoonki and Murphy-Hill, Emerson and Bowdidge, Robert},
  booktitle={Proceedings of the 2013 International Conference on Software Engineering},
  pages={672--681},
  year={2013},
  organization={IEEE Press}
}

@inproceedings{smith2015questions,
  title={Questions developers ask while diagnosing potential security vulnerabilities with static analysis},
  author={Smith, Justin and Johnson, Brittany and Murphy-Hill, Emerson and Chu, Bill and Lipford, Heather Richter},
  booktitle={Proceedings of the 2015 10th Joint Meeting on Foundations of Software Engineering},
  pages={248--259},
  year={2015},
  organization={ACM}
}

@article{thung2015extent,
  title={To what extent could we detect field defects? An extended empirical study of false negatives in static bug-finding tools},
  author={Thung, Ferdian and Lo, David and Jiang, Lingxiao and Rahman, Foyzur and Devanbu, Premkumar T and others},
  journal={Automated Software Engineering},
  volume={22},
  number={4},
  pages={561--602},
  year={2015},
  publisher={Springer}
}

@inproceedings{hanam2014finding,
  title={Finding patterns in static analysis alerts: improving actionable alert ranking},
  author={Hanam, Quinn and Tan, Lin and Holmes, Reid and Lam, Patrick},
  booktitle={Proceedings of the 11th Working Conference on Mining Software Repositories},
  pages={152--161},
  year={2014},
  organization={ACM}
}

@inproceedings{heckman2008establishing,
  title={On establishing a benchmark for evaluating static analysis alert prioritization and classification techniques},
  author={Heckman, Sarah and Williams, Laurie},
  booktitle={Proceedings of the Second ACM-IEEE international symposium on Empirical software engineering and measurement},
  pages={41--50},
  year={2008},
  organization={ACM}
}

@inproceedings{heckman2009model,
  title={A model building process for identifying actionable static analysis alerts},
  author={Heckman, Sarah and Williams, Laurie},
  booktitle={2009 International Conference on Software Testing Verification and Validation},
  pages={161--170},
  year={2009},
  organization={IEEE}
}

@inproceedings{kim2007prioritizing,
  title={Prioritizing warning categories by analyzing software history},
  author={Kim, Sunghun and Ernst, Michael D},
  booktitle={Proceedings of the Fourth International Workshop on Mining Software Repositories},
  pages={27},
  year={2007},
  organization={IEEE Computer Society}
}

@inproceedings{kim2007warnings,
  title={Which warnings should i fix first?},
  author={Kim, Sunghun and Ernst, Michael D},
  booktitle={Proceedings of the the 6th joint meeting of the European software engineering conference and the ACM SIGSOFT symposium on The foundations of software engineering},
  pages={45--54},
  year={2007},
  organization={ACM}
}

@inproceedings{kremenek2004correlation,
  title={Correlation exploitation in error ranking},
  author={Kremenek, Ted and Ashcraft, Ken and Yang, Junfeng and Engler, Dawson},
  booktitle={ACM SIGSOFT Software Engineering Notes},
  volume={29},
  pages={83--93},
  year={2004},
  organization={ACM}
}

@inproceedings{liang2010automatic,
  title={Automatic construction of an effective training set for prioritizing static analysis warnings},
  author={Liang, Guangtai and Wu, Ling and Wu, Qian and Wang, Qianxiang and Xie, Tao and Mei, Hong},
  booktitle={Proceedings of the IEEE/ACM international conference on Automated software engineering},
  pages={93--102},
  year={2010},
  organization={ACM}
}

@inproceedings{ruthruff2008predicting,
  title={Predicting accurate and actionable static analysis warnings: an experimental approach},
  author={Ruthruff, Joseph R and Penix, John and Morgenthaler, J David and Elbaum, Sebastian and Rothermel, Gregg},
  booktitle={Proceedings of the 30th international conference on Software engineering},
  pages={341--350},
  year={2008},
  organization={ACM}
}

@inproceedings{shen2011efindbugs,
  title={Efindbugs: Effective error ranking for findbugs},
  author={Shen, Haihao and Fang, Jianhong and Zhao, Jianjun},
  booktitle={2011 Fourth IEEE International Conference on Software Testing, Verification and Validation},
  pages={299--308},
  year={2011},
  organization={IEEE}
}

@inproceedings{yuksel2013automated,
  title={Automated classification of static code analysis alerts: A case study},
  author={Y{\"u}ksel, Ulas and S{\"o}zer, Hasan},
  booktitle={2013 IEEE International Conference on Software Maintenance},
  pages={532--535},
  year={2013},
  organization={IEEE}
}