@inproceedings{yang2016effort,
  title={Effort-aware just-in-time defect prediction: simple unsupervised models could be better than supervised models},
  author={Yang, Yibiao and Zhou, Yuming and Liu, Jinping and Zhao, Yangyang and Lu, Hongmin and Xu, Lei and Xu, Baowen and Leung, Hareton},
  booktitle={Proceedings of the 2016 24th ACM SIGSOFT International Symposium on Foundations of Software Engineering},
  pages={157--168},
  year={2016},
  organization={ACM}
}
@article{Agrawa17,
  author    = {Amritanshu Agrawal and
               Tim Menzies},
  title     = {"Better Data" is Better than "Better Data Miners" (Benefits of Tuning
               {SMOTE} for Defect Prediction)},
  journal   = {CoRR},
  volume    = {abs/1705.03697},
  year      = {2017},
  url       = {http://arxiv.org/abs/1705.03697},
  timestamp = {Wed, 07 Jun 2017 14:41:24 +0200},
  biburl    = {http://dblp.uni-trier.de/rec/bib/journals/corr/AgrawalM17},
  bibsource = {dblp computer science bibliography, http://dblp.org}
}
@article{mockus2000predicting,
  title={Predicting risk of software changes},
  author={Mockus, Audris and Weiss, David M},
  journal={Bell Labs Technical Journal},
  volume={5},
  number={2},
  pages={169--180},
  year={2000},
  publisher={Alcatel-Lucent}
}



@article{fu2016differential,
  title={Why is differential evolution better than grid search for tuning defect predictors?},
  author={Fu, Wei and Nair, Vivek and Menzies, Tim},
  journal={arXiv preprint arXiv:1609.02613},
  year={2016}
}


@inproceedings{nagappan2006mining,
  title={Mining metrics to predict component failures},
  author={Nagappan, Nachiappan and Ball, Thomas and Zeller, Andreas},
  booktitle={Proceedings of the 28th International Conference on Software Engineering},
  pages={452--461},
  year={2006},
  organization={ACM}
}
@inproceedings{d2010extensive,
  title={An extensive comparison of bug prediction approaches},
  author={D'Ambros, Marco and Lanza, Michele and Robbes, Romain},
  booktitle={2010 7th IEEE Working Conference on Mining Software Repositories},
  pages={31--41},
  year={2010},
  organization={IEEE}
}

@inproceedings{hassan2009predicting,
  title={Predicting faults using the complexity of code changes},
  author={Hassan, Ahmed E},
  booktitle={Proceedings of the 31st International Conference on Software Engineering},
  pages={78--88},
  year={2009},
  organization={IEEE}
}

@inproceedings{nagappan2005use,
  title={ to predict system defect density},
  author={Nagappan, Nachiappan and Ball, Thomas},
  booktitle={Proceedings of the 27th International Conference on Software Engineering},
  pages={284--292},
  year={2005},
  organization={IEEE}
}











@inproceedings{guo2010characterizing,
  title={Characterizing and predicting which bugs get fixed: an empirical study of Microsoft Windows},
  author={Guo, Philip J and Zimmermann, Thomas and Nagappan, Nachiappan and Murphy, Brendan},
  booktitle={Proceedings of the 32nd ACM/IEEE International Conference on Software Engineering - Volume 1},
  volume={1},
  pages={495--504},
  year={2010},
  organization={ACM}
}

@inproceedings{matsumoto2010analysis,
  title={An analysis of developer metrics for fault prediction},
  author={Matsumoto, Shinsuke and Kamei, Yasutaka and Monden, Akito and Matsumoto, Ken-ichi and Nakamura, Masahide},
  booktitle={Proceedings of the 6th International Conference on Predictive Models in Software Engineering},
  pages={18},
  year={2010},
  organization={ACM}
}

@article{graves2000predicting,
  title={Predicting fault incidence using software change history},
  author={Graves, Todd L and Karr, Alan F and Marron, James S and Siy, Harvey},
  journal={IEEE Transactions on Software Engineering},
  volume={26},
  number={7},
  pages={653--661},
  year={2000},
  publisher={IEEE}
}

@article{kamei2013large,
  title={A large-scale empirical study of just-in-time quality assurance},
  author={Kamei, Yasutaka and Shihab, Emad and Adams, Bram and Hassan, Ahmed E and Mockus, Audris and Sinha, Anand and Ubayashi, Naoyasu},
  journal={IEEE Transactions on Software Engineering},
  volume={39},
  number={6},
  pages={757--773},
  year={2013},
  publisher={IEEE}
}

@inproceedings{yin2011fixes,
  title={How do fixes become bugs?},
  author={Yin, Zuoning and Yuan, Ding and Zhou, Yuanyuan and Pasupathy, Shankar and Bairavasundaram, Lakshmi},
  booktitle={Proceedings of the 19th ACM SIGSOFT Symposium and the 13th European Conference on Foundations of Software Engineering},
  pages={26--36},
  year={2011},
  organization={ACM}
}


@article{lessmann2008benchmarking,
  title={Benchmarking classification models for software defect prediction: A proposed framework and novel findings},
  author={Lessmann, Stefan and Baesens, Bart and Mues, Christophe and Pietsch, Swantje},
  journal={IEEE Transactions on Software Engineering},
  volume={34},
  number={4},
  pages={485--496},
  year={2008},
  publisher={IEEE}
}

@article{menzies2007data,
  title={Data mining static code attributes to learn defect predictors},
  author={Menzies, Tim and Greenwald, Jeremy and Frank, Art},
  journal={IEEE Transactions on Software Engineering},
  volume={33},
  number={1},
  year={2007},
  publisher={IEEE}
}

@article{hall2012systematic,
  title={A systematic literature review on fault prediction performance in software engineering},
  author={Hall, Tracy and Beecham, Sarah and Bowes, David and Gray, David and Counsell, Steve},
  journal={IEEE Transactions on Software Engineering},
  volume={38},
  number={6},
  pages={1276--1304},
  year={2012},
  publisher={IEEE}
}



@article{mittas2013ranking,
  title={Ranking and clustering software cost estimation models through a multiple comparisons algorithm},
  author={Mittas, Nikolaos and Angelis, Lefteris},
  journal={IEEE Transactions on Software Engineering},
  volume={39},
  number={4},
  pages={537--551},
  year={2013},
  publisher={IEEE}
}

@inproceedings{huang17,
author={Qiao Huang and Xin Xia and David Lo},
title={Supervised vs unsupervised models: a holistic look at effort-aware              just-in-time defect prediction},
booktitle={2017 IEEE International Conference on Software Maintenance and Evolution},
year={2017},
publisher={IEEE}
}

@article{benjamini1995controlling,
  title={Controlling the false discovery rate: a practical and powerful approach to multiple testing},
  author={Benjamini, Yoav and Hochberg, Yosef},
  journal={Journal of the Royal Statistical Society. Series B (Methodological)},
  pages={289--300},
  year={1995},
  publisher={JSTOR}
}

@ARTICLE{menzies07w, 
author={T. {Menzies} and D. {Owen} and J. {Richardson}}, 
journal={Computer}, 
title={The Strangest Thing About Software}, 
year={2007}, 
volume={40}, 
number={1}, 
pages={54-60}, 
keywords={reachability analysis;search problems;software engineering;systems analysis;random search;software analysis;software engineering;reachability analysis;Search engines;Costs;Mathematics;Mathematical model;Vehicle crash testing;Computer errors;Computer crashes;Training data;Degradation;Search problems;Software engineering;Artificial intelligence;LURCH;TAR3;Data mining}, 
doi={10.1109/MC.2007.37}, 
ISSN={0018-9162}, 
month={Jan},}


@inproceedings{romano2006exploring,
  title={Exploring methods for evaluating group differences on the NSSE and other surveys: Are the t-test and Cohenâ€™sd indices the most appropriate choices},
  author={Romano, Jeanine and Kromrey, Jeffrey D and Coraggio, Jesse and Skowronek, Jeff and Devine, Linda},
  booktitle={Annual Meeting of the Southern Association for Institutional Research},
  year={2006}
}

@article{ostrand2005predicting,
  title={Predicting the location and number of faults in large software systems},
  author={Ostrand, Thomas J and Weyuker, Elaine J and Bell, Robert M},
  journal={IEEE Transactions on Software Engineering},
  volume={31},
  number={4},
  pages={340--355},
  year={2005},
  publisher={IEEE}
}

@article{menzies2010defect,
  title={Defect prediction from static code features: current results, limitations, new approaches},
  author={Menzies, Tim and Milton, Zach and Turhan, Burak and Cukic, Bojan and Jiang, Yue and Bener, Ay{\c{s}}e},
  journal={Automated Software Engineering},
  volume={17},
  number={4},
  pages={375--407},
  year={2010},
  publisher={Springer}
}

@inproceedings{zimmermann2007predicting,
  title={Predicting defects for eclipse},
  author={Zimmermann, Thomas and Premraj, Rahul and Zeller, Andreas},
  booktitle={Proceedings of the Third International Workshop on Predictor Models in Software Engineering},
  pages={9},
  year={2007},
  organization={IEEE Computer Society}
}

@inproceedings{mende2010effort,
  title={Effort-aware defect prediction models},
  author={Mende, Thilo and Koschke, Rainer},
  booktitle={2010 14th European Conference on Software Maintenance and Reengineering},
  pages={107--116},
  year={2010},
  organization={IEEE}
}

@article{monden2013assessing,
  title={Assessing the cost effectiveness of fault prediction in acceptance testing},
  author={Monden, Akito and Hayashi, Takuma and Shinoda, Shoji and Shirai, Kumiko and Yoshida, Junichi and Barker, Mike and Matsumoto, Kenichi},
  journal={IEEE Transactions on Software Engineering},
  volume={39},
  number={10},
  pages={1345--1357},
  year={2013},
  publisher={IEEE}
}


@inproceedings{jiang2013personalized,
  title={Personalized defect prediction},
  author={Jiang, Tian and Tan, Lin and Kim, Sunghun},
  booktitle={Proceedings of the 28th IEEE/ACM International Conference on Automated Software Engineering},
  pages={279--289},
  year={2013},
  organization={IEEE}
}

@inproceedings{kim2007predicting,
  title={Predicting faults from cached history},
  author={Kim, Sunghun and Zimmermann, Thomas and Whitehead Jr, E James and Zeller, Andreas},
  booktitle={Proceedings of the 29th International Conference on Software Engineering},
  pages={489--498},
  year={2007},
  organization={IEEE}
}
@article{kim2008classifying,
  title={Classifying software changes: Clean or buggy?},
  author={Kim, Sunghun and Whitehead Jr, E James and Zhang, Yi},
  journal={IEEE Transactions on Software Engineering},
  volume={34},
  number={2},
  pages={181--196},
  year={2008},
  publisher={IEEE}
}


@inproceedings{jing2014dictionary,
  title={Dictionary learning based software defect prediction},
  author={Jing, Xiao-Yuan and Ying, Shi and Zhang, Zhi-Wu and Wu, Shan-Shan and Liu, Jin},
  booktitle={Proceedings of the 36th International Conference on Software Engineering},
  pages={414--423},
  year={2014},
  organization={ACM}
}

@inproceedings{lee2011micro,
  title={Micro interaction metrics for defect prediction},
  author={Lee, Taek and Nam, Jaechang and Han, DongGyun and Kim, Sunghun and In, Hoh Peter},
  booktitle={Proceedings of the 19th ACM SIGSOFT Symposium and the 13th European Conference on Foundations of Software Engineering},
  pages={311--321},
  year={2011},
  organization={ACM}
}


@inproceedings{moser2008comparative,
  title={A comparative analysis of the efficiency of change metrics and static code attributes for defect prediction},
  author={Moser, Raimund and Pedrycz, Witold and Succi, Giancarlo},
  booktitle={Proceedings of the 30th International Conference on Software Engineering},
  pages={181--190},
  year={2008},
  organization={ACM}
}

@inproceedings{nam2013transfer,
  title={Transfer defect learning},
  author={Nam, Jaechang and Pan, Sinno Jialin and Kim, Sunghun},
  booktitle={Proceedings of the 2013 International Conference on Software Engineering},
  pages={382--391},
  year={2013},
  organization={IEEE}
}

@inproceedings{wang2016automatically,
  title={Automatically learning semantic features for defect prediction},
  author={Wang, Song and Liu, Taiyue and Tan, Lin},
  booktitle={Proceedings of the 38th International Conference on Software Engineering},
  pages={297--308},
  year={2016},
  organization={ACM}
}

@inproceedings{anvik2006should,
  title={Who should fix this bug?},
  author={Anvik, John and Hiew, Lyndon and Murphy, Gail C},
  booktitle={Proceedings of the 28th international conference on Software engineering},
  pages={361--370},
  year={2006},
  organization={ACM}
}


@inproceedings{weiss2007long,
  title={How long will it take to fix this bug?},
  author={Weiss, Cathrin and Premraj, Rahul and Zimmermann, Thomas and Zeller, Andreas},
  booktitle={Proceedings of the Fourth International Workshop on Mining Software Repositories},
  pages={1},
  year={2007},
  organization={IEEE}
}

@inproceedings{fukushima2014empirical,
  title={An empirical study of just-in-time defect prediction using cross-project models},
  author={Fukushima, Takafumi and Kamei, Yasutaka and McIntosh, Shane and Yamashita, Kazuhiro and Ubayashi, Naoyasu},
  booktitle={Proceedings of the 11th Working Conference on Mining Software Repositories},
  pages={172--181},
  year={2014},
  organization={ACM}
}

@inproceedings{sliwerski2005changes,
  title={When do changes induce fixes?},
  author={{\'S}liwerski, Jacek and Zimmermann, Thomas and Zeller, Andreas},
  booktitle={ACM sigsoft software engineering notes},
  volume={30},
  number={4},
  pages={1--5},
  year={2005},
  organization={ACM}
}

@inproceedings{shihab2012industrial,
  title={An industrial study on the risk of software changes},
  author={Shihab, Emad and Hassan, Ahmed E and Adams, Bram and Jiang, Zhen Ming},
  booktitle={Proceedings of the ACM SIGSOFT 20th International Symposium on the Foundations of Software Engineering},
  pages={62},
  year={2012},
  organization={ACM}
}

@article{kafura1987use,
  title={The use of software complexity metrics in software maintenance},
  author={Kafura, Dennis and Reddy, Geereddy R.},
  journal={IEEE Transactions on Software Engineering},
  number={3},
  pages={335--343},
  year={1987},
  publisher={IEEE}
}

@article{chidamber1994metrics,
  title={A metrics suite for object oriented design},
  author={Chidamber, Shyam R and Kemerer, Chris F},
  journal={IEEE Transactions on Software Engineering},
  volume={20},
  number={6},
  pages={476--493},
  year={1994},
  publisher={IEEE}
}

@article{mccabe1976complexity,
  title={A complexity measure},
  author={McCabe, Thomas J},
  journal={IEEE Transactions on Software Engineering},
  number={4},
  pages={308--320},
  year={1976},
  publisher={IEEE}
}


@book{halstead1977elements,
  title={Elements of software science},
  author={Halstead, Maurice Howard},
  volume={7},
  year={1977},
  publisher={Elsevier New York}
}


@article{khoshgoftaar2001modeling,
  title={Modeling software quality with},
  author={Khoshgoftaar, Taghi M and Allen, Edward B},
  journal={Recent Advances in Reliability and Quality Engineering},
  volume={2},
  pages={247},
  year={2001},
  publisher={World Scientific}
}

@article{khoshgoftaar2003software,
  title={Software quality classification modeling using the SPRINT decision tree algorithm},
  author={Khoshgoftaar, Taghi M and Seliya, Naeem},
  journal={International Journal on Artificial Intelligence Tools},
  volume={12},
  number={03},
  pages={207--225},
  year={2003},
  publisher={World Scientific}
}

@article{khoshgoftaar2000balancing,
  title={Balancing misclassification rates in classification-tree models of software quality},
  author={Khoshgoftaar, Taghi M and Yuan, Xiaojing and Allen, Edward B},
  journal={Empirical Software Engineering},
  volume={5},
  number={4},
  pages={313--330},
  year={2000},
  publisher={Springer}
}


@article{turhan2009relative,
  title={On the relative value of cross-company and within-company data for defect prediction},
  author={Turhan, Burak and Menzies, Tim and Bener, Ay{\c{s}}e B and Di Stefano, Justin},
  journal={Empirical Software Engineering},
  volume={14},
  number={5},
  pages={540--578},
  year={2009},
  publisher={Springer}
}

@inproceedings{nam2015heterogeneous,
  title={Heterogeneous Defect Prediction},
  author={Nam, Jaechang and Kim, Sunghun},
  booktitle={Proceedings of The European Software Engineering Conference and the ACM SIGSOFT Symposium on the Foundations of Software Engineering (ESEC/FSE 2015)},
  year={2015}
}

@article{ma2012transfer,
  title={Transfer learning for cross-company software defect prediction},
  author={Ma, Ying and Luo, Guangchun and Zeng, Xue and Chen, Aiguo},
  journal={Information and Software Technology},
  volume={54},
  number={3},
  pages={248--256},
  year={2012},
  publisher={Elsevier}
}

@inproceedings{zhang2014towards,
  title={Towards building a universal defect prediction model},
  author={Zhang, Feng and Mockus, Audris and Keivanloo, Iman and Zou, Ying},
  booktitle={Proceedings of the 11th Working Conference on Mining Software Repositories},
  pages={182--191},
  year={2014},
  organization={ACM}
}




@inproceedings{Arisholm:2006,
  title={Predicting fault-prone components in a java legacy system},
  author={Arisholm, Erik and Briand, Lionel C},
  booktitle={Proceedings of the 2006 ACM/IEEE international symposium on Empirical software engineering},
  pages={8--17},
  year={2006},
  organization={ACM}
}

@inproceedings{nam2015clami,
  title={CLAMI: Defect Prediction on Unlabeled Datasets},
  author={Nam, Jaechang and Kim, Sunghun},
  booktitle={Proceedings of the 30th IEEE/ACM International Conference on Automated Software Engineering (ASE 2015)},
  year={2015}
}

@inproceedings{rahman2014comparing,
  title={Comparing static bug finders and statistical prediction},
  author={Rahman, Foyzur and Khatri, Sameer and Barr, Earl T and Devanbu, Premkumar},
  booktitle={Proceedings of the 36th International Conference on Software Engineering},
  pages={424--434},
  year={2014},
  organization={ACM}
}


@inproceedings{rahman2013and,
  title={How, and why, process metrics are better},
  author={Rahman, Foyzur and Devanbu, Premkumar},
  booktitle={Proceedings of the 2013 International Conference on Software Engineering},
  pages={432--441},
  year={2013},
  organization={IEEE Press}
}


@article{wilkes1985memoirs,
  title={Memoirs ofa Computer Pioneer},
  author={Wilkes, Maurice V},
  journal={Cambridge, Mass., London},
  year={1985}
}


@inproceedings{akiyama1971example,
  title={An example of software system debugging},
  author={Akiyama, Fumio},
  booktitle={IFIP Congress (1)},
  volume={71},
  pages={353--359},
  year={1971}
}


@inproceedings{yang2016defect,
  title={Defect Prediction on Unlabeled Datasets by Using Unsupervised Clustering},
  author={Yang, Jun and Qian, Hongbing},
  booktitle={High Performance Computing and Communications; IEEE 14th International Conference on Smart City; IEEE 2nd International Conference on Data Science and Systems (HPCC/SmartCity/DSS), 2016 IEEE 18th International Conference on},
  pages={465--472},
  year={2016},
  organization={IEEE}
}



@article{hall2009weka,
  title={The WEKA data mining software: an update},
  author={Hall, Mark and Frank, Eibe and Holmes, Geoffrey and Pfahringer, Bernhard and Reutemann, Peter and Witten, Ian H},
  journal={ACM SIGKDD Explorations Newsletter},
  volume={11},
  number={1},
  pages={10--18},
  year={2009},
  publisher={ACM}
}


@incollection{wolpert2002supervised,
  title={The supervised learning no-free-lunch theorems},
  author={Wolpert, David H},
  booktitle={Soft Computing and Industry},
  pages={25--42},
  year={2002},
  publisher={Springer}
}


@article{kocaguneli2012exploiting,
  title={Exploiting the essential assumptions of analogy-based effort estimation},
  author={Kocaguneli, Ekrem and Menzies, Tim and Bener, Ayse and Keung, Jacky W},
  journal={IEEE Transactions on Software Engineering},
  volume={38},
  number={2},
  pages={425--438},
  year={2012},
  publisher={IEEE}
}


@inproceedings{liu2017code,
  title={Code churn: A neglected metric in effort-aware Just-In-Time defect prediction},
  author={Liu,Jinping and Zhou, Yuming and Yang, Yibiao and Lu, Hongmin and Baowen Xu },
  booktitle={Empirical Software Engineering and Measurement, 2017 ACM/IEEE International Symposium on},
  year={2017},
  organization={IEEE}
}








































































