@article{0,
  title={Test case prioritization: A family of empirical studies},
  author={Elbaum, Sebastian and Malishevsky, Alexey G and Rothermel, Gregg},
  journal={IEEE transactions on software engineering},
  volume={28},
  number={2},
  pages={159--182},
  year={2002},
  publisher={IEEE}
}


@inproceedings{1,
  title={On the Selection of Strength for Fixed-Strength Interaction Coverage Based Prioritization},
  author={Huang, Rubing and Zong, Weiwen and Chen, Tsong Yueh and Towey, Dave and Chen, Jinfu and Zhou, Yunan and Sun, Weifeng},
  booktitle={2018 IEEE 42nd Annual Computer Software and Applications Conference (COMPSAC)},
  pages={310--315},
  year={2018},
  organization={IEEE}
}


@inproceedings{2,
  title={An empirical examination of abstract test case prioritization techniques},
  author={Huang, Rubing and Zong, Weiwen and Towey, Dave and Zhou, Yunan and Chen, Jinfu},
  booktitle={Software Engineering Companion (ICSE-C), 2017 IEEE/ACM 39th International Conference on},
  pages={141--143},
  year={2017},
  organization={IEEE}
}


@inproceedings{3,
  title={An Empirical Comparison of Similarity Measures for Abstract Test Case Prioritization},
  author={Huang, Rubing and Zhou, Yunan and Zong, Weiwen and Towey, Dave and Chen, Jinfu},
  booktitle={2017 IEEE 41st Annual Computer Software and Applications Conference (COMPSAC)},
  pages={3--12},
  year={2017},
  organization={IEEE}
}


@inproceedings{4,
  title={How does regression test prioritization perform in real-world software evolution?},
  author={Lu, Yafeng and Lou, Yiling and Cheng, Shiyang and Zhang, Lingming and Hao, Dan and Zhou, Yangfan and Zhang, Lu},
  booktitle={Software Engineering (ICSE), 2016 IEEE/ACM 38th International Conference on},
  pages={535--546},
  year={2016},
  organization={IEEE}
}


@inproceedings{5,
  title={Component-based software system test case prioritization with genetic algorithm decoding technique using java platform},
  author={Mahajan, Surendra and Joshi, Shashank D and Khanaa, V},
  booktitle={Computing Communication Control and Automation (ICCUBEA), 2015 International Conference on},
  pages={847--851},
  year={2015},
  organization={IEEE}
}


@inproceedings{6,
  title={A methodology for regression testing reduction and prioritization of agile releases},
  author={Kandil, Passant and Moussa, Sherin and Badr, Nagwa},
  booktitle={Information \& Communication Technology and Accessibility (ICTA), 2015 5th International Conference on},
  pages={1--6},
  year={2015},
  organization={IEEE}
}


@inproceedings{7,
  title={Prioritizing test cases for resource constraint environments using historical test case performance data},
  author={Fazlalizadeh, Y and Khalilian, A and Azgomi, M Abdollahi and Parsa, S},
  booktitle={Computer Science and Information Technology, 2009. ICCSIT 2009. 2nd IEEE International Conference on},
  pages={190--195},
  year={2009},
  organization={IEEE}
}


@article{8,
  title={Using dependency structures for prioritization of functional test suites},
  author={Miller, Tim and others},
  journal={IEEE transactions on software engineering},
  volume={39},
  number={2},
  pages={258--275},
  year={2013},
  publisher={IEEE}
}


@inproceedings{9,
  title={On the Gain of Measuring Test Case Prioritization},
  author={Lv, Junpeng and Yin, Beibei and Cai, Kai-Yuan},
  booktitle={Computer Software and Applications Conference (COMPSAC), 2013 IEEE 37th Annual},
  pages={627--632},
  year={2013},
  organization={IEEE}
}


@inproceedings{10,
  title={A study in prioritization for higher strength combinatorial testing},
  author={Qu, Xiao and Cohen, Myra B},
  booktitle={Software Testing, Verification and Validation Workshops (ICSTW), 2013 IEEE Sixth International Conference on},
  pages={285--294},
  year={2013},
  organization={IEEE}
}


@inproceedings{11,
  title={Prioritizing interaction test suite for t-way testing},
  author={Said, Saidatul K and Othman, Rozmie R and Zamli, Kamal Z},
  booktitle={Software Engineering (MySEC), 2011 5th Malaysian Conference in},
  pages={292--297},
  year={2011},
  organization={IEEE}
}


@inproceedings{12,
  title={Prioritizing variable-strength covering array},
  author={Huang, Rubing and Chen, Jinfu and Zhang, Tao and Wang, Rongcun and Lu, Yansheng},
  booktitle={2013 IEEE 37th Annual Computer Software and Applications Conference},
  pages={502--511},
  year={2013},
  organization={IEEE}
}


@article{13,
  title={Regression testing in software as a service: An industrial case study},
  author={Srikanth, Hema and Cohen, Myra B},
  year={2011},
  publisher={IEEE}
}


@inproceedings{14,
  title={Prioritizing interaction test suites using repeated base choice coverage},
  author={Huang, Rubing and Zong, Weiwen and Chen, Jinfu and Towey, Dave and Zhou, Yunan and Chen, Deng},
  booktitle={2016 IEEE 40th Annual Computer Software and Applications Conference (COMPSAC)},
  volume={1},
  pages={174--184},
  year={2016},
  organization={IEEE}
}


@inproceedings{15,
  title={Combinatorial interaction regression testing: A study of test case generation and prioritization},
  author={Qu, Xiao and Cohen, Myra B and Woolf, Katherine M},
  booktitle={Software Maintenance, 2007. ICSM 2007. IEEE International Conference on},
  pages={255--264},
  year={2007},
  organization={IEEE}
}


@inproceedings{16,
  title={Test case prioritization for compilers: A text-vector based approach},
  author={Chen, Junjie and Bai, Yanwei and Hao, Dan and Xiong, Yingfei and Zhang, Hongyu and Zhang, Lu and Xie, Bing},
  booktitle={Software Testing, Verification and Validation (ICST), 2016 IEEE International Conference on},
  pages={266--277},
  year={2016},
  organization={IEEE}
}


@inproceedings{17,
  title={G-RankTest: Regression testing of controller applications},
  author={Mariani, Leonardo and Riganelli, Oliviero and Santoro, Mauro and Ali, Muhammad},
  booktitle={Proceedings of the 7th International Workshop on Automation of Software Test},
  pages={131--137},
  year={2012},
  organization={IEEE Press}
}


@inproceedings{18,
  title={An Industrial Study of Natural Language Processing Based Test Case Prioritization},
  author={Yang, Yilin and Huang, Xinhai and Hao, Xuefei and Liu, Zicong and Chen, Zhenyu},
  booktitle={Software Testing, Verification and Validation (ICST), 2017 IEEE International Conference on},
  pages={548--549},
  year={2017},
  organization={IEEE}
}


@article{19,
  title={Industrial experiences with automated regression testing of a legacy database application},
  author={Rogstad, Erik and Briand, Lionel and Dalberg, Ronny and Rynning, Marianne and Arisholm, Erik},
  year={2011},
  publisher={IEEE}
}


@inproceedings{20,
  title={Testing optimization for mission-critical, complex, distributed systems},
  author={Stochel, Marek G and Sztando, Radek},
  booktitle={Computer Software and Applications, 2008. COMPSAC'08. 32nd Annual IEEE International},
  pages={847--852},
  year={2008},
  organization={IEEE}
}


@inproceedings{21,
  title={The drawbacks of statement code coverage test case prioritization related to domain testing},
  author={Banias, Ovidiu},
  booktitle={Applied Computational Intelligence and Informatics (SACI), 2016 IEEE 11th International Symposium on},
  pages={221--224},
  year={2016},
  organization={IEEE}
}


@article{22,
  title={The effects of time constraints on test case prioritization: A series of controlled experiments},
  author={Do, Hyunsook and Mirarab, Siavash and Tahvildari, Ladan and Rothermel, Gregg},
  journal={IEEE Transactions on Software Engineering},
  number={5},
  pages={593--617},
  year={2010},
  publisher={IEEE}
}


@inproceedings{23,
  title={Regression testing Prioritization Based on model Checking for Safety-Crucial Embedded Systems},
  author={Sun, Fuzhen and Li, Yan},
  booktitle={Digital Manufacturing and Automation (ICDMA), 2013 Fourth International Conference on},
  pages={979--983},
  year={2013},
  organization={IEEE}
}


@inproceedings{24,
  title={Towards impact analysis of test goal prioritization on the efficient execution of automatically generated test suites based on state machines},
  author={Wei{\ss}leder, Stephan},
  booktitle={2011 11th International Conference On Quality Software},
  pages={150--155},
  year={2011},
  organization={IEEE}
}


@inproceedings{25,
  title={Test case generation and prioritization: a process-mining approach},
  author={Janes, Andrea},
  booktitle={Software Testing, Verification and Validation Workshops (ICSTW), 2017 IEEE International Conference on},
  pages={38--39},
  year={2017},
  organization={IEEE}
}


@inproceedings{26,
  title={Selection and prioritization of test cases by combining white-box and black-box testing methods},
  author={Kukolj, Sandra and Marinkovic, Vladimir and Popovic, Miroslav and Bogn{\'a}r, Szabolcs},
  booktitle={Engineering of Computer Based Systems (ECBS-EERC), 2013 3rd Eastern European Regional Conference on the},
  pages={153--156},
  year={2013},
  organization={IEEE}
}


@inproceedings{27,
  title={Dependency-based test case selection and prioritization in embedded systems},
  author={Caliebe, Philipp and Herpel, Thomas and German, Reinhard},
  booktitle={Software Testing, Verification and Validation (ICST), 2012 IEEE Fifth International Conference on},
  pages={731--735},
  year={2012},
  organization={IEEE}
}


@inproceedings{28,
  title={Strategies for prioritizing test cases generated through model-based testing approaches},
  author={Ouriques, Jo{\~a}o Felipe Silva},
  booktitle={Proceedings of the 37th International Conference on Software Engineering-Volume 2},
  pages={879--882},
  year={2015},
  organization={IEEE Press}
}


@inproceedings{29,
  title={Feature-based testing by using model synthesis, test generation and parameterizable test prioritization},
  author={Reider, Martin and Magnus, Stephan and Krause, Jan},
  booktitle={2018 IEEE International Conference on Software Testing, Verification and Validation Workshops (ICSTW)},
  pages={130--137},
  year={2018},
  organization={IEEE}
}


@inproceedings{30,
  title={An Adaptive Sequence Approach for OOS Test Case Prioritization},
  author={Chen, Jinfu and Zhu, Lili and Chen, Tsong Yueh and Huang, Rubing and Towey, Dave and Kuo, Fei-Ching and Guo, Yuchi},
  booktitle={Software Reliability Engineering Workshops (ISSREW), 2016 IEEE International Symposium on},
  pages={205--212},
  year={2016},
  organization={IEEE}
}


@inproceedings{31,
  title={Total coverage based regression test case prioritization using genetic algorithm},
  author={Konsaard, Patipat and Ramingwong, Lachana},
  booktitle={Electrical engineering/electronics, computer, telecommunications and information technology (ECTI-CON), 2015 12th international conference on},
  pages={1--6},
  year={2015},
  organization={IEEE}
}


@inproceedings{32,
  title={How Do Software Metrics Affect Test Case Prioritization?},
  author={Ozawa, Masataka and Dohi, Tadashi and Okamura, Hiroyuki},
  booktitle={2018 IEEE 42nd Annual Computer Software and Applications Conference (COMPSAC)},
  pages={245--250},
  year={2018},
  organization={IEEE}
}


@inproceedings{33,
  title={Parallelized ACO algorithm for regression testing prioritization in hadoop framework},
  author={Elanthiraiyan, Nandhini and Arumugam, Chamundeswari},
  booktitle={Advanced Communication Control and Computing Technologies (ICACCCT), 2014 International Conference on},
  pages={1568--1571},
  year={2014},
  organization={IEEE}
}


@inproceedings{34,
  title={Empirical studies of test case prioritization in a JUnit testing environment},
  author={Do, Hyunsook and Rothermel, Gregg and Kinneer, Alex},
  booktitle={Software Reliability Engineering, 2004. ISSRE 2004. 15th International Symposium on},
  pages={113--124},
  year={2004},
  organization={IEEE}
}


@article{35,
  title={A static approach to prioritizing junit test cases},
  author={Mei, Hong and Hao, Dan and Zhang, Lingming and Zhang, Lu and Zhou, Ji and Rothermel, Gregg},
  journal={IEEE Transactions on Software Engineering},
  volume={38},
  number={6},
  pages={1258--1275},
  year={2012},
  publisher={IEEE}
}


@inproceedings{36,
  title={Improving testing in an enterprise SOA with an architecture-based approach},
  author={Buchgeher, Georg and Klammer, Claus and Heider, Wolfgang and Sch{\"u}etz, Martin and Huber, Heinz},
  booktitle={Software Architecture (WICSA), 2016 13th Working IEEE/IFIP Conference on},
  pages={231--240},
  year={2016},
  organization={IEEE}
}


@inproceedings{37,
  title={Regression testing approach for large-scale systems},
  author={Kandil, Passant and Moussa, Sherin and Badr, Nagwa},
  booktitle={Software Reliability Engineering Workshops (ISSREW), 2014 IEEE International Symposium on},
  pages={132--133},
  year={2014},
  organization={IEEE}
}


@inproceedings{38,
  title={Prioritizing manual test cases in traditional and rapid release environments},
  author={Hemmati, Hadi and Fang, Zhihan and Mantyla, Mika V},
  booktitle={Software Testing, Verification and Validation (ICST), 2015 IEEE 8th International Conference on},
  pages={1--10},
  year={2015},
  organization={IEEE}
}


@inproceedings{39,
  title={System-Level Test Case Prioritization Using Machine Learning},
  author={Lachmann, Remo and Schulze, Sandro and Nieke, Manuel and Seidl, Christoph and Schaefer, Ina},
  booktitle={Machine Learning and Applications (ICMLA), 2016 15th IEEE International Conference on},
  pages={361--368},
  year={2016},
  organization={IEEE}
}


@inproceedings{40,
  title={Test Suite Prioritization for Efficient Regression Testing of Model-Based Automotive Software},
  author={Morozov, Andrey and Ding, Kai and Chen, Tao and Janschek, Klaus},
  booktitle={Software Analysis, Testing and Evolution (SATE), 2017 International Conference on},
  pages={20--29},
  year={2017},
  organization={IEEE}
}


@inproceedings{41,
  title={d$\mu$Reg: a path-aware mutation analysis guided approach to regression testing},
  author={Sun, Chang-ai and Fan, Cuiyang and Wang, Zhen and Liu, Huai},
  booktitle={Proceedings of the 12th International Workshop on Automation of Software Testing},
  pages={59--64},
  year={2017},
  organization={IEEE Press}
}


@article{42,
  title={On the use of mutation faults in empirical assessments of test case prioritization techniques},
  author={Do, Hyunsook and Rothermel, Gregg},
  journal={IEEE Transactions on Software Engineering},
  volume={32},
  number={9},
  pages={733--752},
  year={2006},
  publisher={IEEE}
}


@inproceedings{43,
  title={Test case prioritization with improved genetic algorithm},
  author={Cingiz, M Ozgur and Temei, Sefik and Kahpsiz, Oya},
  booktitle={Signal Processing and Communications Applications Conference (SIU), 2014 22nd},
  pages={1223--1226},
  year={2014},
  organization={IEEE}
}


@inproceedings{44,
  title={The impact of test case reduction and prioritization on software testing effectiveness},
  author={ur Rehman, Inayat and Malik, Saif Ur Rehman and others},
  booktitle={Emerging Technologies, 2009. ICET 2009. International Conference on},
  pages={416--421},
  year={2009},
  organization={IEEE}
}


@inproceedings{45,
  title={A hierarchical test case prioritization technique for object oriented software},
  author={Chauhan, Naresh and Kumar, Harish and others},
  booktitle={Contemporary Computing and Informatics (IC3I), 2014 International Conference on},
  pages={249--254},
  year={2014},
  organization={IEEE}
}


@inproceedings{46,
  title={Experimental comparison of code-based and model-based test prioritization},
  author={Korel, Bogdan and Koutsogiannakis, George},
  booktitle={Software Testing, Verification and Validation Workshops, 2009. ICSTW'09. International Conference on},
  pages={77--84},
  year={2009},
  organization={IEEE}
}


@inproceedings{47,
  title={An improved metric for test case prioritization},
  author={Zhang, Xiaofang and Qu, Bo},
  booktitle={Web Information Systems and Applications Conference (WISA), 2011 Eighth},
  pages={125--130},
  year={2011},
  organization={IEEE}
}


@inproceedings{48,
  title={Improving test case prioritization based on practical priority factors},
  author={Mahmood, Md Hasan and Hosain, Md Shazzad},
  booktitle={Software Engineering and Service Science (ICSESS), 2017 8th IEEE International Conference on},
  pages={899--902},
  year={2017},
  organization={IEEE}
}


@inproceedings{49,
  title={A refactoring-based approach for test case selection and prioritization},
  author={Alves, Everton LG and Machado, Patricia DL and Massoni, Tiago and Santos, Samuel TC},
  booktitle={Proceedings of the 8th International Workshop on Automation of Software Test},
  pages={93--99},
  year={2013},
  organization={IEEE Press}
}


@inproceedings{50,
  title={Quota-constrained test-case prioritization for regression testing of service-centric systems},
  author={Hou, Shan-Shan and Zhang, Lu and Xie, Tao and Sun, Jia-Su},
  booktitle={Software Maintenance, 2008. ICSM 2008. IEEE International Conference on},
  pages={257--266},
  year={2008},
  organization={IEEE}
}


@inproceedings{51,
  title={Point-of-Interest aware test case prioritization: Methods and experiments},
  author={Zhai, Ke and Chan, WK},
  booktitle={Quality Software (QSIC), 2010 10th International Conference on},
  pages={449--456},
  year={2010},
  organization={IEEE}
}


@article{52,
  title={A subsumption hierarchy of test case prioritization for composite services},
  author={Mei, Lijun and Cai, Yan and Jia, Changjiang and Jiang, Bo and Chan, Wing Kwong and Zhang, Zhenyu and Tse, TH},
  journal={IEEE Transactions on Services Computing},
  volume={8},
  number={5},
  pages={658--673},
  year={2015},
  publisher={IEEE}
}


@inproceedings{53,
  title={Modification Impact Analysis Based Test Case Prioritization for Regression Testing of Service-Oriented Workflow Applications},
  author={Wang, Hongda and Xing, Jianchun and Yang, Qiliang and Han, Deshuai and Zhang, Xuewei},
  booktitle={Computer Software and Applications Conference (COMPSAC), 2015 IEEE 39th Annual},
  volume={2},
  pages={288--297},
  year={2015},
  organization={IEEE}
}


@inproceedings{54,
  title={Test case prioritization techniques for software product line: A survey},
  author={Kumar, Satendra and others},
  booktitle={Computing, Communication and Automation (ICCCA), 2016 International Conference on},
  pages={884--889},
  year={2016},
  organization={IEEE}
}


@inproceedings{55,
  title={A comparison of test case prioritization criteria for software product lines},
  author={S{\'a}nchez, Ana B and Segura, Sergio and Ruiz-Cort{\'e}s, Antonio},
  booktitle={Software Testing, Verification and Validation (ICST), 2014 IEEE Seventh International Conference on},
  pages={41--50},
  year={2014},
  organization={IEEE}
}


@inproceedings{56,
  title={A survey on prioritization regression testing test case},
  author={Suleiman, Dima and Alian, Marwah and Hudaib, Amjad},
  booktitle={Information Technology (ICIT), 2017 8th International Conference on},
  pages={854--862},
  year={2017},
  organization={IEEE}
}


@inproceedings{57,
  title={Prioritizing requirements-based regression test cases: A goal-driven practice},
  author={Salehie, Mazeiar and Li, Sen and Tahvildari, Ladan and Dara, Rozita and Li, Shimin and Moore, Mark},
  booktitle={2011 15th European Conference on Software Maintenance and Reengineering},
  pages={329--332},
  year={2011},
  organization={IEEE}
}


@inproceedings{58,
  title={Test Case Generation and Prioritization from UML Models},
  author={Gantait, Amitranjan},
  booktitle={Emerging Applications of Information Technology (EAIT), 2011 Second International Conference on},
  pages={345--350},
  year={2011},
  organization={IEEE}
}


@inproceedings{59,
  title={Investigating NLP-Based Approaches for Predicting Manual Test Case Failure},
  author={Hemmati, Hadi and Sharifi, Fatemeh},
  booktitle={Software Testing, Verification and Validation (ICST), 2018 IEEE 11th International Conference on},
  pages={309--319},
  year={2018},
  organization={IEEE}
}


@inproceedings{60,
  title={Agent-based test case prioritization},
  author={Malz, Christoph and G{\"o}hner, Peter},
  booktitle={Software Testing, Verification and Validation Workshops (ICSTW), 2011 IEEE Fourth International Conference on},
  pages={149--152},
  year={2011},
  organization={IEEE}
}


@inproceedings{61,
  title={Incorporating varying requirement priorities and costs in test case prioritization for new and regression testing},
  author={Ramasamy, Krishnamoorthi and Mary, Sahaaya Arul},
  booktitle={Computing, Communication and Networking, 2008. ICCCn 2008. International Conference on},
  pages={1--9},
  year={2008},
  organization={IEEE}
}


@inproceedings{62,
  title={Gui test case prioritization by state-coverage criterion},
  author={He, Zhi-Wei and Bai, Cheng-Gang},
  booktitle={Proceedings of the 10th International Workshop on Automation of Software Test},
  pages={18--22},
  year={2015},
  organization={IEEE Press}
}


@inproceedings{63,
  title={Test Case Prioritization for GUI Regression Testing Based on Centrality Measures},
  author={Ren, Yijie and Yin, Bei-Bei and Wang, Bin},
  booktitle={2018 IEEE 42nd Annual Computer Software and Applications Conference (COMPSAC)},
  pages={454--459},
  year={2018},
  organization={IEEE}
}


@inproceedings{64,
  title={Test-Suite Prioritisation by Application Navigation Tree Mining},
  author={Muzammal, Muhammad},
  booktitle={Frontiers of Information Technology (FIT), 2016 International Conference on},
  pages={205--210},
  year={2016},
  organization={IEEE}
}


@inproceedings{65,
  title={Using Fuzzy Logic and Symbolic Execution to Prioritize UML-RT Test Cases},
  author={Rapos, Eric J and Dingel, Juergen},
  booktitle={Software Testing, Verification and Validation (ICST), 2015 IEEE 8th International Conference on},
  pages={1--10},
  year={2015},
  organization={IEEE}
}


@inproceedings{66,
  title={Hybrid regression testing technique: a multi layered approach},
  author={Gupta, Varun and Chauhan, DS},
  booktitle={India Conference (INDICON), 2011 Annual IEEE},
  pages={1--5},
  year={2011},
  organization={IEEE}
}


@inproceedings{67,
  title={Automation architecture for Bayesian Network based test case prioritization and execution},
  author={Ufuktepe, Ekincan and Tuglular, Tugkan},
  booktitle={Computer Software and Applications Conference (COMPSAC), 2016 IEEE 40th Annual},
  volume={2},
  pages={52--57},
  year={2016},
  organization={IEEE}
}


@inproceedings{68,
  title={Prioritization techniques in combinatorial testing: A survey},
  author={Aggarwal, Manuj and Sabharwal, Sangeeta},
  booktitle={Information Processing (IICIP), 2016 1st India International Conference on},
  pages={1--6},
  year={2016},
  organization={IEEE}
}


@article{69,
  title={Epistasis based aco for regression test case prioritization},
  author={Bian, Yi and Li, Zheng and Zhao, Ruilian and Gong, Dunwei},
  journal={IEEE Transactions on Emerging Topics in Computational Intelligence},
  volume={1},
  number={3},
  pages={213--223},
  year={2017},
  publisher={IEEE}
}


@inproceedings{70,
  title={Bridging the gap between the total and additional test-case prioritization strategies},
  author={Zhang, Lingming and Hao, Dan and Zhang, Lu and Rothermel, Gregg and Mei, Hong},
  booktitle={Proceedings of the 2013 International Conference on Software Engineering},
  pages={192--201},
  year={2013},
  organization={IEEE Press}
}


@inproceedings{71,
  title={Effective regression testing using requirements and risks},
  author={Hettiarachchi, Charitha and Do, Hyunsook and Choi, Byoungju},
  booktitle={Software Security and Reliability (SERE), 2014 Eighth International Conference on},
  pages={157--166},
  year={2014},
  organization={IEEE}
}


@inproceedings{72,
  title={A comparison of coverage-based and distribution-based techniques for filtering and prioritizing test cases},
  author={Leon, David and Podgurski, Andy},
  booktitle={null},
  pages={442},
  year={2003},
  organization={IEEE}
}


@inproceedings{73,
  title={An information retrieval approach for regression test prioritization based on program changes},
  author={Saha, Ripon K and Zhang, Lingming and Khurshid, Sarfraz and Perry, Dewayne E},
  booktitle={Proceedings of the 37th International Conference on Software Engineering-Volume 1},
  pages={268--279},
  year={2015},
  organization={IEEE Press}
}


@inproceedings{74,
  title={A novel approach for selecting an effective regression testing technique},
  author={Kumar, Harish and Chauhan, Naresh and others},
  booktitle={Computing for Sustainable Global Development (INDIACom), 2016 3rd International Conference on},
  pages={1122--1125},
  year={2016},
  organization={IEEE}
}


@inproceedings{75,
  title={Regression test cases prioritization using failure pursuit sampling},
  author={Simons, Cristian and Paraiso, Emerson Cabrera},
  booktitle={Intelligent Systems Design and Applications (ISDA), 2010 10th International Conference on},
  pages={923--928},
  year={2010},
  organization={IEEE}
}


@inproceedings{76,
  title={Test case prioritization using requirements-based clustering},
  author={Arafeen, Md Junaid and Do, Hyunsook},
  booktitle={Software Testing, Verification and Validation (ICST), 2013 IEEE Sixth International Conference on},
  pages={312--321},
  year={2013},
  organization={IEEE}
}


@inproceedings{77,
  title={Adaptive regression testing strategy: An empirical study},
  author={Arafeen, Md Junaid and Do, Hyunsook},
  booktitle={Software Reliability Engineering (ISSRE), 2011 IEEE 22nd International Symposium on},
  pages={130--139},
  year={2011},
  organization={IEEE}
}


@inproceedings{78,
  title={A framework to support research in and encourage industrial adoption of regression testing techniques},
  author={Kauffman, Jonathan Miller and Kapfhammer, Gregory M},
  booktitle={Software Testing, Verification and Validation (ICST), 2012 IEEE Fifth International Conference on},
  pages={907--908},
  year={2012},
  organization={IEEE}
}


@inproceedings{79,
  title={Cost-Effective Regression Testing Using Bloom Filters in Continuous Integration Development Environments},
  author={Kwon, Jung-Hyun and Ko, In-Young},
  booktitle={Asia-Pacific Software Engineering Conference (APSEC), 2017 24th},
  pages={160--168},
  year={2017},
  organization={IEEE}
}


@inproceedings{80,
  title={An empirical study on bayesian network-based approach for test case prioritization},
  author={Mirarab, Siavash and Tahvildari, Ladan},
  booktitle={2008 International Conference on Software Testing, Verification, and Validation},
  pages={278--287},
  year={2008},
  organization={IEEE}
}


@inproceedings{81,
  title={Supporting concern-based regression testing and prioritization in a model-driven environment},
  author={Silva Filho, Roberto S and Budnik, Christof J and Hasling, William M and McKenna, Monica and Subramanyan, Rajesh},
  booktitle={Computer Software and Applications Conference Workshops (COMPSACW), 2010 IEEE 34th Annual},
  pages={323--328},
  year={2010},
  organization={IEEE}
}


@inproceedings{82,
  title={Prioritization of regression tests using singular value decomposition with empirical change records},
  author={Sherriff, Mark and Lake, Mike and Williams, Laurie},
  booktitle={Software Reliability, 2007. ISSRE'07. The 18th IEEE International Symposium on},
  pages={81--90},
  year={2007},
  organization={IEEE}
}


@article{83,
  title={Industrially Applicable System Regression Test Prioritization in Production Automation},
  author={Ulewicz, Sebastian and Vogel-Heuser, Birgit},
  journal={IEEE Transactions on Automation Science and Engineering},
  year={2018},
  publisher={IEEE}
}


@inproceedings{84,
  title={Improving Regression Testing Transparency and Efficiency with History-Based Prioritization--An Industrial Case Study},
  author={Engstr{\"o}m, Emelie and Runeson, Per and Ljung, Andreas},
  booktitle={Software Testing, Verification and Validation (ICST), 2011 IEEE Fourth International Conference on},
  pages={367--376},
  year={2011},
  organization={IEEE}
}


@inproceedings{85,
  title={Applying particle swarm optimization to prioritizing test cases for embedded real time software retesting},
  author={Hla, Khin Haymar Saw and Choi, YoungSik and Park, Jong Sou},
  booktitle={IEEE 8th International Conference on Computer and Information Technology Workshops},
  pages={527--532},
  year={2008},
  organization={IEEE}
}


@inproceedings{86,
  title={A hybrid approach for test case prioritization and selection.},
  author={Silva, Dennis and Rabelo, Ricardo de Andrade Lira and Campanha, Matheus and dos Santos Neto, Pedro de Alc{\^a}ntara and Oliveira, Pedro Almir and Britto, Ricardo},
  booktitle={CEC},
  pages={4508--4515},
  year={2016}
}


@inproceedings{87,
  title={Adapting code maintainability to bat-inspired test case prioritization},
  author={{\"O}zt{\"u}rk, Muhammed Maruf},
  booktitle={INnovations in Intelligent SysTems and Applications (INISTA), 2017 IEEE International Conference on},
  pages={67--72},
  year={2017},
  organization={IEEE}
}


@inproceedings{88,
  title={Assigning a value to a communication protocol test case using sensitivity analysis},
  author={Saekow, A and Lai, R},
  booktitle={icoin},
  pages={0462},
  year={1998},
  organization={IEEE}
}


@article{89,
  title={Search algorithms for regression test case prioritization},
  author={Li, Zheng and Harman, Mark and Hierons, Robert M},
  journal={IEEE Transactions on software engineering},
  volume={33},
  number={4},
  year={2007},
  publisher={IEEE}
}


@inproceedings{90,
  title={Test Case Prioritization Based on Method Call Sequences},
  author={Chi, Jianlei and Qu, Yu and Zheng, Qinghua and Yang, Zijiang and Jin, Wuxia and Cui, Di and Liu, Ting},
  booktitle={2018 IEEE 42nd Annual Computer Software and Applications Conference (COMPSAC)},
  pages={251--256},
  year={2018},
  organization={IEEE}
}


@inproceedings{91,
  title={Test case selection and prioritization using cuckoos search algorithm},
  author={Nagar, Reetika and Kumar, Arvind and Singh, Gaurav Pratap and Kumar, Sachin},
  booktitle={Futuristic Trends on Computational Analysis and Knowledge Management (ABLAZE), 2015 International Conference on},
  pages={283--288},
  year={2015},
  organization={IEEE}
}


@inproceedings{92,
  title={Code coverage-based regression test selection and prioritization in WebKit},
  author={Besz{\'e}des, {\'A}rp{\'a}d and Gergely, Tam{\'a}s and Schrettner, Lajos and J{\'a}sz, Judit and Lang{\'o}, L{\'a}szl{\'o} and Gyim{\'o}thy, Tibor},
  booktitle={2012 28th IEEE international conference on software maintenance (ICSM)},
  pages={46--55},
  year={2012},
  organization={IEEE}
}


@inproceedings{93,
  title={A Schema Support for Selection of Test Case Prioritization Techniques},
  author={Purohit, GN and others},
  booktitle={Advanced Computing \& Communication Technologies (ACCT), 2015 Fifth International Conference on},
  pages={547--551},
  year={2015},
  organization={IEEE}
}


@article{94,
  title={Putting your best tests forward},
  author={Rothermel, Gregg and Elbaum, Sebastian},
  journal={IEEE Software},
  volume={20},
  number={5},
  pages={74--77},
  year={2003},
  publisher={IEEE}
}


@article{95,
  title={Test suite prioritisation using trace events technique},
  author={Rajarathinam, Kavitha and Natarajan, Sureshkumar},
  journal={IET software},
  volume={7},
  number={2},
  pages={85--92},
  year={2013},
  publisher={IET}
}


@inproceedings{96,
  title={Test cases prioritization for software regression testing using analytic hierarchy process},
  author={Klindee, Piyakarn and Prompoon, Nakornthip},
  booktitle={Computer Science and Software Engineering (JCSSE), 2015 12th International Joint Conference on},
  pages={168--173},
  year={2015},
  organization={IEEE}
}


@inproceedings{97,
  title={A history-based test prioritization technique for regression testing in resource constrained environments},
  author={Kim, Jung-Min and Porter, Adam},
  booktitle={Proceedings of the 24th international conference on software engineering},
  pages={119--129},
  year={2002},
  organization={ACM}
}


@inproceedings{98,
  title={Modified ACO to maintain diversity in regression test optimization},
  author={Kumar, Sushant and Ranjan, Prabhat and Rajesh, R},
  booktitle={Recent Advances in Information Technology (RAIT), 2016 3rd International Conference on},
  pages={619--625},
  year={2016},
  organization={IEEE}
}


@inproceedings{99,
  title={RDCC: An effective test case prioritization framework using software requirements, design and source code collaboration},
  author={Siddik, Md Saeed and Sakib, Kazi},
  booktitle={Computer and Information Technology (ICCIT), 2014 17th International Conference on},
  pages={75--80},
  year={2014},
  organization={IEEE}
}


@article{100,
  title={Test-suite reduction and prioritization for modified condition/decision coverage},
  author={Jones, James A and Harrold, Mary Jean},
  journal={IEEE Transactions on software Engineering},
  volume={29},
  number={3},
  pages={195--209},
  year={2003},
  publisher={IEEE}
}


@article{101,
  title={Test-suite reduction and prioritization for modified condition/decision coverage},
  author={Jones, James A and Harrold, Mary Jean},
  journal={IEEE Transactions on software Engineering},
  volume={29},
  number={3},
  pages={195--209},
  year={2003},
  publisher={IEEE}
}


@inproceedings{102,
  title={Test case prioritization using multi objective particle swarm optimizer},
  author={Tyagi, Manika and Malhotra, Sona},
  booktitle={Signal Propagation and Computer Technology (ICSPCT), 2014 International Conference on},
  pages={390--395},
  year={2014},
  organization={IEEE}
}


@inproceedings{103,
  title={History-based Test Case Prioritization for Failure Information},
  author={Cho, Younghwan and Kim, Jeongho and Lee, Eunseok},
  booktitle={2016 23rd Asia-Pacific Software Engineering Conference (APSEC)},
  pages={385--388},
  year={2016},
  organization={IEEE}
}


@inproceedings{104,
  title={Enhanced Weighted Method for Test Case Prioritization in Regression Testing Using Unique Priority Value},
  author={Ammar, Asmaa and Baharom, Salmi and Ghani, Abdul Azim Abd and Din, Jamilah},
  booktitle={Information Science and Security (ICISS), 2016 International Conference on},
  pages={1--6},
  year={2016},
  organization={IEEE}
}


@inproceedings{105,
  title={Multi-perspective regression test prioritization for time-constrained environments},
  author={Marijan, Dusica},
  booktitle={Software Quality, Reliability and Security (QRS), 2015 IEEE International Conference on},
  pages={157--162},
  year={2015},
  organization={IEEE}
}


@inproceedings{106,
  title={History-based dynamic test case prioritization for requirement properties in regression testing},
  author={Wang, Xiaolin and Zeng, Hongwei},
  booktitle={Proceedings of the International Workshop on Continuous Software Evolution and Delivery},
  pages={41--47},
  year={2016},
  organization={ACM}
}


@inproceedings{107,
  title={Clustering Based Prioritization of Test Cases},
  author={Ramya, Paruchuri and Sindhura, Vemuri and Sagar, P Vidya},
  booktitle={2018 Second International Conference on Inventive Communication and Computational Technologies (ICICCT)},
  pages={1181--1185},
  year={2018},
  organization={IEEE}
}


@inproceedings{108,
  title={A code coverage-based test suite reduction and prioritization framework},
  author={Khan, Saif Ur Rehman and Lee, Sai Peck and Parizi, Reza Meimandi and Elahi, Manzoor},
  booktitle={Information and Communication Technologies (WICT), 2014 Fourth World Congress on},
  pages={229--234},
  year={2014},
  organization={IEEE}
}


@inproceedings{109,
  title={Classification model for test case prioritization techniques},
  author={Purohit, GN and others},
  booktitle={Computing, Communication and Automation (ICCCA), 2017 International Conference on},
  pages={919--924},
  year={2017},
  organization={IEEE}
}


@inproceedings{110,
  title={MOTCP: A tool for the prioritization of test cases based on a sorting genetic algorithm and Latent Semantic Indexing},
  author={Islam, Md Mahfuzul and Marchetto, Alessandro and Susi, Angelo and Kessler, Fondazione Bruno and Scanniello, Giuseppe},
  booktitle={Software Maintenance (ICSM), 2012 28th IEEE International Conference on},
  pages={654--657},
  year={2012},
  organization={IEEE}
}


@inproceedings{111,
  title={The research of the test case prioritization algorithm for black box testing},
  author={Liu, Wenhong and Wu, Xin and Zhang, WeiXiang and Xu, Yang},
  booktitle={Software Engineering and Service Science (ICSESS), 2014 5th IEEE International Conference on},
  pages={37--40},
  year={2014},
  organization={IEEE}
}


@inproceedings{112,
  title={Impact of Static and Dynamic Coverage on Test-Case Prioritization: An Empirical Study},
  author={Zhou, Jianyi and Hao, Dan},
  booktitle={Software Testing, Verification and Validation Workshops (ICSTW), 2017 IEEE International Conference on},
  pages={392--394},
  year={2017},
  organization={IEEE}
}


@inproceedings{113,
  title={A simulation study on some search algorithms for regression test case prioritization},
  author={Li, Sihan and Bian, Naiwen and Chen, Zhenyu and You, Dongjiang and He, Yuchen},
  booktitle={2010 10th International Conference on Quality Software},
  pages={72--81},
  year={2010},
  organization={IEEE}
}


@inproceedings{114,
  title={Test case prioritization based on information retrieval concepts},
  author={Kwon, Jung-Hyun and Ko, In-Young and Rothermel, Gregg and Staats, Matt},
  booktitle={Software Engineering Conference (APSEC), 2014 21st Asia-Pacific},
  volume={1},
  pages={19--26},
  year={2014},
  organization={IEEE}
}


@inproceedings{115,
  title={A multi-objective technique to prioritize test cases based on latent semantic indexing},
  author={Islam, Md Mahfuzul and Marchetto, Alessandro and Susi, Angelo and Scanniello, Giuseppe},
  booktitle={2012 16th European Conference on Software Maintenance and Reengineering},
  pages={21--30},
  year={2012},
  organization={IEEE}
}


@inproceedings{116,
  title={Effectiveness of prioritization of test cases based on Faults},
  author={Nayak, Soumen and Kumar, Chiranjeev and Tripathi, Sachin},
  booktitle={Recent Advances in Information Technology (RAIT), 2016 3rd International Conference on},
  pages={657--662},
  year={2016},
  organization={IEEE}
}


@inproceedings{117,
  title={Test case prioritization technique based on genetic algorithm},
  author={Jun, Wang and Yan, Zhuang and Chen, Jianyun},
  booktitle={Internet Computing \& Information Services (ICICIS), 2011 International Conference on},
  pages={173--175},
  year={2011},
  organization={IEEE}
}


@inproceedings{118,
  title={Prioritizing JUnit test cases in absence of coverage information},
  author={Zhang, Lingming and Zhou, Ji and Hao, Dan and Zhang, Lu and Mei, Hong},
  booktitle={Software Maintenance, 2009. ICSM 2009. IEEE International Conference on},
  pages={19--28},
  year={2009},
  organization={IEEE}
}


@inproceedings{119,
  title={Test case prioritization for regression testing based on ant colony optimization},
  author={Gao, Dongdong and Guo, Xiangying and Zhao, Lei},
  booktitle={Software Engineering and Service Science (ICSESS), 2015 6th IEEE International Conference on},
  pages={275--279},
  year={2015},
  organization={IEEE}
}


@inproceedings{120,
  title={History-based test case prioritization for black box testing using ant colony optimization},
  author={Noguchi, Tadahiro and Washizaki, Hironori and Fukazawa, Yoshiaki and Sato, Atsutoshi and Ota, Kenichiro},
  booktitle={2015 IEEE 8th International Conference on Software Testing, Verification and Validation (ICST)},
  pages={1--2},
  year={2015},
  organization={IEEE}
}


@inproceedings{121,
  title={Test case prioritization: An approach based on modified ant colony optimization (m-ACO)},
  author={Solanki, Kamna and Singh, Yudhvir and Dalal, Sandeep},
  booktitle={Computer, Communication and Control (IC4), 2015 International Conference on},
  pages={1--6},
  year={2015},
  organization={IEEE}
}


@inproceedings{122,
  title={Jtop: Managing JUnit test cases in absence of coverage information},
  author={Zhang, Lingming and Zhou, Ji and Hao, Dan and Zhang, Lu and Mei, Hong},
  booktitle={Automated Software Engineering, 2009. ASE'09. 24th IEEE/ACM International Conference on},
  pages={677--679},
  year={2009},
  organization={IEEE}
}


@inproceedings{123,
  title={A test case design algorithm based on priority techniques},
  author={Xian, Hu},
  booktitle={Management of e-Commerce and e-Government (ICMeCG), 2011 Fifth International Conference on},
  pages={57--62},
  year={2011},
  organization={IEEE}
}


@inproceedings{124,
  title={Historical value-based approach for cost-cognizant test case prioritization to improve the effectiveness of regression testing},
  author={Park, Hyuncheol and Ryu, Hoyeon and Baik, Jongmoon},
  booktitle={Secure System Integration and Reliability Improvement, 2008. SSIRI'08. Second International Conference on},
  pages={39--46},
  year={2008},
  organization={IEEE}
}


@inproceedings{125,
  title={Software testing suite prioritization using multi-criteria fitness function},
  author={Ahmed, Amr AbdelFatah and Shaheen, Mohamed and Kosba, Essam},
  booktitle={Computer theory and applications (ICCTA), 2012 22nd international conference on},
  pages={160--166},
  year={2012},
  organization={IEEE}
}


@inproceedings{126,
  title={Test case prioritization with textual comparison metrics},
  author={Tumeng, Rooster and Jawawi, Dayang Norhayati Abang and Isa, Mohd Adham},
  booktitle={Software Engineering Conference (MySEC), 2015 9th Malaysian},
  pages={7--12},
  year={2015},
  organization={IEEE}
}


@inproceedings{127,
  title={A similarity-based approach for test case prioritization using historical failure data},
  author={Noor, Tanzeem Bin and Hemmati, Hadi},
  booktitle={2015 IEEE 26th International Symposium on Software Reliability Engineering (ISSRE)},
  pages={58--68},
  year={2015},
  organization={IEEE}
}


@inproceedings{128,
  title={A study of applying severity-weighted greedy algorithm to software test case prioritization during testing},
  author={Hsu, Yen-Ching and Peng, Kuan-Li and Huang, Chin-Yu},
  booktitle={Industrial Engineering and Engineering Management (IEEM), 2014 IEEE International Conference on},
  pages={1086--1090},
  year={2014},
  organization={IEEE}
}


@inproceedings{129,
  title={A clustering approach to improving test case prioritization: An industrial case study},
  author={Carlson, Ryan and Do, Hyunsook and Denton, Anne},
  booktitle={Software Maintenance (ICSM), 2011 27th IEEE International Conference on},
  pages={382--391},
  year={2011},
  organization={IEEE}
}


@inproceedings{130,
  title={A Coupling effect based test case prioritization technique},
  author={Kumar, Harish and Chauhan, Naresh},
  booktitle={Computing for Sustainable Global Development (INDIACom), 2015 2nd International Conference on},
  pages={1341--1345},
  year={2015},
  organization={IEEE}
}


@inproceedings{131,
  title={A Clustering-Bayesian network based approach for test case prioritization},
  author={Zhao, Xiaobin and Wang, Zan and Fan, Xiangyu and Wang, Zhenhua},
  booktitle={Computer Software and Applications Conference (COMPSAC), 2015 IEEE 39th Annual},
  volume={3},
  pages={542--547},
  year={2015},
  organization={IEEE}
}


@inproceedings{132,
  title={REMAP: Using Rule Mining and Multi-objective Search for Dynamic Test Case Prioritization},
  author={Pradhan, Dipesh and Wang, Shuai and Ali, Shaukat and Yue, Tao and Liaaen, Marius},
  booktitle={Software Testing, Verification and Validation (ICST), 2018 IEEE 11th International Conference on},
  pages={46--57},
  year={2018},
  organization={IEEE}
}


@inproceedings{133,
  title={Optimization of test suite-test case in regression test},
  author={Ansari, Ahlam SA and Devadkar, Kailas K and Gharpure, Prachi},
  booktitle={Computational Intelligence and Computing Research (ICCIC), 2013 IEEE International Conference on},
  pages={1--4},
  year={2013},
  organization={IEEE}
}


@inproceedings{134,
  title={On the fault-detection capabilities of adaptive random test case prioritization: Case studies with large test suites},
  author={Zhou, Zhi Quan and Sinaga, Arnaldo and Susilo, Willy},
  booktitle={System Science (HICSS), 2012 45th Hawaii International Conference on},
  pages={5584--5593},
  year={2012},
  organization={IEEE}
}


@inproceedings{135,
  title={Modular based multiple test case prioritization},
  author={Prakash, N and Rangaswamy, TR},
  booktitle={Computational Intelligence \& Computing Research (ICCIC), 2012 IEEE International Conference on},
  pages={1--7},
  year={2012},
  organization={IEEE}
}


@inproceedings{136,
  title={Applying Assemble Clustering Algorithm and Fault Prediction to Test Case Prioritization},
  author={Xiao, Lei and Miao, Huaikou and Zhuang, Weiwei and Chen, Shaojun},
  booktitle={Software Analysis, Testing and Evolution (SATE), International Conference on},
  pages={108--116},
  year={2016},
  organization={IEEE}
}


@inproceedings{137,
  title={An empirical study on clustering approach combining fault prediction for test case prioritization},
  author={Xiao, Lei and Miao, Huaikou and Zhuang, Weiwei and Chen, Shaojun},
  booktitle={Computer and Information Science (ICIS), 2017 IEEE/ACIS 16th International Conference on},
  pages={815--820},
  year={2017},
  organization={IEEE}
}


@inproceedings{138,
  title={Test case prioritization techniques “an empirical study”},
  author={Sharma, Neha and Purohit, GN and others},
  booktitle={High Performance Computing and Applications (ICHPCA), 2014 International Conference on},
  pages={1--6},
  year={2014},
  organization={IEEE}
}


@inproceedings{139,
  title={Understanding and measuring the sources of variation in the prioritization of regression test suites},
  author={Elbaum, Sebastian and Gable, David and Rothermel, Gregg},
  booktitle={Software Metrics Symposium, 2001. METRICS 2001. Proceedings. Seventh International},
  pages={169--179},
  year={2001},
  organization={IEEE}
}


@inproceedings{140,
  title={An empirical study on clustering approach combining fault prediction for test case prioritization},
  author={Xiao, Lei and Miao, Huaikou and Zhuang, Weiwei and Chen, Shaojun},
  booktitle={Computer and Information Science (ICIS), 2017 IEEE/ACIS 16th International Conference on},
  pages={815--820},
  year={2017},
  organization={IEEE}
}


@inproceedings{141,
  title={Using the case-based ranking methodology for test case prioritization},
  author={Tonella, Paolo and Avesani, Paolo and Susi, Angelo},
  booktitle={Software Maintenance, 2006. ICSM'06. 22nd IEEE International Conference on},
  pages={123--133},
  year={2006},
  organization={IEEE}
}


@article{142,
  title={Test case prioritization using lexicographical ordering},
  author={Eghbali, Sepehr and Tahvildari, Ladan},
  journal={IEEE Transactions on Software Engineering},
  volume={42},
  number={12},
  pages={1178--1195},
  year={2016},
  publisher={IEEE}
}


@inproceedings{143,
  title={Test case prioritization for black box testing},
  author={Qu, Bo and Nie, Changhai and Xu, Baowen and Zhang, Xiaofang},
  booktitle={Computer Software and Applications Conference, 2007. COMPSAC 2007. 31st Annual International},
  volume={1},
  pages={465--474},
  year={2007},
  organization={Ieee}
}


@inproceedings{144,
  title={Design and analysis of cost-cognizant test case prioritization using genetic algorithm with test history},
  author={Huang, Yu-Chi and Huang, Chin-Yu and Chang, Jun-Ru and Chen, Tsan-Yuan},
  booktitle={Computer Software and Applications Conference (COMPSAC), 2010 IEEE 34th Annual},
  pages={413--418},
  year={2010},
  organization={IEEE}
}


@inproceedings{145,
  title={Incorporating varying test costs and fault severities into test case prioritization},
  author={Elbaum, Sebastian and Malishevsky, Alexey and Rothermel, Gregg},
  booktitle={Proceedings of the 23rd International Conference on Software Engineering},
  pages={329--338},
  year={2001},
  organization={IEEE Computer Society}
}


@inproceedings{146,
  title={Research on optimization scheme of regression testing},
  author={Sun, Shiming and Hou, Xiuping and Gao, Can and Sun, Linlin},
  booktitle={Natural Computation (ICNC), 2013 Ninth International Conference on},
  pages={1628--1632},
  year={2013},
  organization={IEEE}
}


@inproceedings{147,
  title={Test case prioritization for regression testing based on fault dependency},
  author={Kayes, Md Imrul},
  booktitle={Electronics Computer Technology (ICECT), 2011 3rd International Conference on},
  volume={5},
  pages={48--52},
  year={2011},
  organization={IEEE}
}


@inproceedings{148,
  title={Dynamic prioritization in regression testing},
  author={Kaushik, Nilam and Salehie, Mazeiar and Tahvildari, Ladan and Li, Sen and Moore, Mark},
  booktitle={Software Testing, Verification and Validation Workshops (ICSTW), 2011 IEEE Fourth International Conference on},
  pages={135--138},
  year={2011},
  organization={IEEE}
}


@inproceedings{149,
  title={A Regression Test Case Prioritization Algorithm Based on Program Changes and Method Invocation Relationship},
  author={Fu, Wenhao and Yu, Huiqun and Fan, Guisheng and Ji, Xiang and Pei, Xin},
  booktitle={2017 24th Asia-Pacific Software Engineering Conference (APSEC)},
  pages={169--178},
  year={2017},
  organization={IEEE}
}


@inproceedings{150,
  title={Clustering based novel test case prioritization technique},
  author={Chaurasia, Geetanjali and Agarwal, Sonali and Gautam, Swarnima Singh},
  booktitle={Engineering and Systems (SCES), 2015 IEEE Students Conference on},
  pages={1--5},
  year={2015},
  organization={IEEE}
}


@inproceedings{151,
  title={History-based test case prioritization with software version awareness},
  author={Lin, Chu-Ti and Chen, Cheng-Ding and Tsai, Chang-Shi and Kapfhammer, Gregory M},
  booktitle={2013 18th International Conference on Engineering of Complex Computer Systems (ICECCS)},
  pages={171--172},
  year={2013},
  organization={IEEE}
}


@inproceedings{152,
  title={Test case prioritization incorporating ordered sequence of program elements},
  author={Wu, Kun and Fang, Chunrong and Chen, Zhenyu and Zhao, Zhihong},
  booktitle={Proceedings of the 7th International Workshop on Automation of Software Test},
  pages={124--130},
  year={2012},
  organization={IEEE Press}
}


@inproceedings{153,
  title={Dynamic integration test selection based on test case dependencies},
  author={Tahvili, Sahar and Saadatmand, Mehrdad and Larsson, Stig and Afzal, Wasif and Bohlin, Markus and Sundmark, Daniel},
  booktitle={2016 IEEE Ninth International Conference on Software Testing, Verification and Validation Workshops (ICSTW)},
  pages={277--286},
  year={2016},
  organization={IEEE}
}


@inproceedings{154,
  title={Dynamic test case prioritization based on multi-objective},
  author={Wang, Xiaolin and Zeng, Hongwei},
  booktitle={Software Engineering, Artificial Intelligence, Networking and Parallel/Distributed Computing (SNPD), 2014 15th IEEE/ACIS International Conference on},
  pages={1--6},
  year={2014},
  organization={IEEE}
}


@inproceedings{155,
  title={Test case prioritization based on analysis of program structure},
  author={Ma, Zengkai and Zhao, Jianjun},
  booktitle={Software Engineering Conference, 2008. APSEC'08. 15th Asia-Pacific},
  pages={471--478},
  year={2008},
  organization={IEEE}
}


@inproceedings{156,
  title={Adaptive random test case prioritization},
  author={Jiang, Bo and Zhang, Zhenyu and Chan, Wing Kwong and Tse, TH},
  booktitle={Proceedings of the 2009 IEEE/ACM International Conference on Automated Software Engineering},
  pages={233--244},
  year={2009},
  organization={IEEE Computer Society}
}


@inproceedings{157,
  title={Test case prioritization technique based on early fault detection using fuzzy logic},
  author={Yadav, Dharmveer Kumar and Dutta, Sandip},
  booktitle={Computing for Sustainable Global Development (INDIACom), 2016 3rd International Conference on},
  pages={1033--1036},
  year={2016},
  organization={IEEE}
}


@inproceedings{158,
  title={Comparison analysis of two test case prioritization approaches with the core idea of adaptive},
  author={Ding, Jian and Zhang, Xiao-Yi},
  booktitle={Control And Decision Conference (CCDC), 2017 29th Chinese},
  pages={1723--1730},
  year={2017},
  organization={IEEE}
}


@inproceedings{159,
  title={An effective test case prioritization method based on fault severity},
  author={Wang, Yiting and Zhao, Xiaomin and Ding, Xiaoming},
  booktitle={Software Engineering and Service Science (ICSESS), 2015 6th IEEE International Conference on},
  pages={737--741},
  year={2015},
  organization={IEEE}
}


@inproceedings{160,
  title={Test case prioritization for regression testing based on function call path},
  author={Zhang, Zhi-hua and Mu, Yong-min and Tian, Ying-ai},
  booktitle={Computational and Information Sciences (ICCIS), 2012 Fourth International Conference on},
  pages={1372--1375},
  year={2012},
  organization={IEEE}
}


@inproceedings{161,
  title={Test case prioritization using relevant slices},
  author={Jeffrey, Dennis and Gupta, Neelam},
  booktitle={Computer Software and Applications Conference, 2006. COMPSAC'06. 30th Annual International},
  volume={1},
  pages={411--420},
  year={2006},
  organization={IEEE}
}


@inproceedings{162,
  title={Test case prioritization based on varying testing requirement priorities and test case costs},
  author={Zhang, Xiaofang and Nie, Changhai and Xu, Baowen and Qu, Bo},
  booktitle={Quality Software, 2007. QSIC'07. Seventh International Conference on},
  pages={15--24},
  year={2007},
  organization={IEEE}
}


@inproceedings{163,
  title={Oracle-centric test case prioritization},
  author={Staats, Matt and Loyola, Pablo and Rothermel, Gregg},
  booktitle={2012 IEEE 23rd International Symposium on Software Reliability Engineering},
  pages={311--320},
  year={2012},
  organization={IEEE}
}


@inproceedings{164,
  title={Cost aware test suite reduction algorithm for regression testing},
  author={Indumathi, CP and Madhumathi, S},
  booktitle={Trends in Electronics and Informatics (ICEI), 2017 International Conference on},
  pages={869--874},
  year={2017},
  organization={IEEE}
}


@inproceedings{165,
  title={Prioritization of test cases using software agents and fuzzy logic},
  author={Malz, Christoph and Jazdi, Nasser and Gohner, Peter},
  booktitle={Software Testing, Verification and Validation (ICST), 2012 IEEE Fifth International Conference on},
  pages={483--486},
  year={2012},
  organization={IEEE}
}


@inproceedings{166,
  title={Test case prioritization: An empirical study},
  author={Rothermel, Gregg and Untch, Roland H and Chu, Chengyun and Harrold, Mary Jean},
  booktitle={Software Maintenance, 1999.(ICSM'99) Proceedings. IEEE International Conference on},
  pages={179--188},
  year={1999},
  organization={IEEE}
}


@article{167,
  title={Prioritizing test cases for regression testing},
  author={Rothermel, Gregg and Untch, Roland H. and Chu, Chengyun and Harrold, Mary Jean},
  journal={IEEE Transactions on software engineering},
  volume={27},
  number={10},
  pages={929--948},
  year={2001},
  publisher={IEEE}
}


@inproceedings{168,
  title={Test case prioritization based on requirement correlations},
  author={Ma, Tingting and Zeng, Hongwei and Wang, Xiaolin},
  booktitle={Software Engineering, Artificial Intelligence, Networking and Parallel/Distributed Computing (SNPD), 2016 17th IEEE/ACIS International Conference on},
  pages={419--424},
  year={2016},
  organization={IEEE}
}


@inproceedings{169,
  title={A Fault Based Approach to Test Case Prioritization},
  author={Farooq, Faiza and Nadeem, Aamer},
  booktitle={2017 International Conference on Frontiers of Information Technology (FIT)},
  pages={52--57},
  year={2017},
  organization={IEEE}
}


@inproceedings{170,
  title={Bypassing code coverage approximation limitations via effective input-based randomized test case prioritization},
  author={Jiang, Bo and Chan, WK},
  booktitle={Computer Software and Applications Conference (COMPSAC), 2013 IEEE 37th Annual},
  pages={190--199},
  year={2013},
  organization={IEEE}
}


@inproceedings{171,
  title={Graphite: A Greedy Graph-Based Technique for Regression Test Case Prioritization},
  author={Azizi, Maral and Do, Hyunsook},
  booktitle={2018 IEEE International Symposium on Software Reliability Engineering Workshops (ISSREW)},
  pages={245--251},
  year={2018},
  organization={IEEE}
}


@inproceedings{172,
  title={Evolutionary search algorithms for test case prioritization},
  author={Mohapatra, Sudhir Kumar and Prasad, Srinivas},
  booktitle={Machine Intelligence and Research Advancement (ICMIRA), 2013 International Conference on},
  pages={115--119},
  year={2013},
  organization={IEEE}
}


@inproceedings{173,
  title={PORA: Proportion-Oriented Randomized Algorithm for Test Case Prioritization.},
  author={Jiang, Bo and Chan, Wing Kwong and Tse, TH},
  booktitle={QRS},
  pages={131--140},
  year={2015}
}


@inproceedings{174,
  title={Improving test efficiency through multiple criteria coverage based test case prioritization using Modified heuristic algorithm},
  author={Joseph, Abraham Kiran and Radhamani, G and Kallimani, Vish},
  booktitle={Computer and Information Sciences (ICCOINS), 2016 3rd International Conference on},
  pages={430--435},
  year={2016},
  organization={IEEE}
}


@article{175,
  title={A multi-objective technique to prioritize test cases},
  author={Marchetto, Alessandro and Islam, Md Mahfuzul and Asghar, Waseem and Susi, Angelo and Scanniello, Giuseppe},
  journal={IEEE Transactions on Software Engineering},
  volume={42},
  number={10},
  pages={918--940},
  year={2016},
  publisher={IEEE}
}


@article{176,
  title={To be optimal or not in test-case prioritization},
  author={Hao, Dan and Zhang, Lu and Zang, Lei and Wang, Yanbo and Wu, Xingxia and Xie, Tao},
  journal={IEEE Transactions on Software Engineering},
  volume={42},
  number={5},
  pages={490--505},
  year={2016},
  publisher={IEEE}
}


@inproceedings{177,
  title={Adaptive test-case prioritization guided by output inspection},
  author={Hao, Dan and Zhao, Xu and Zhang, Lu},
  booktitle={2013 IEEE 37th Annual Computer Software and Applications Conference (COMPSAC)},
  pages={169--179},
  year={2013},
  organization={IEEE}
}


@inproceedings{178,
  title={System test case prioritization of new and regression test cases},
  author={Srikanth, Hema and Williams, Laurie and Osborne, Jason},
  booktitle={Empirical Software Engineering, 2005. 2005 International Symposium on},
  pages={10--pp},
  year={2005},
  organization={IEEE}
}


@inproceedings{179,
  title={A novel approach to multiple criteria based test case prioritization},
  author={Abid, Robeala and Nadeem, Aamer},
  booktitle={Emerging Technologies (ICET), 2017 13th International Conference on},
  pages={1--6},
  year={2017},
  organization={IEEE}
}


@inproceedings{180,
  title={Test case prioritization for multiple processing queues},
  author={Qu, Bo and Nie, Changhai and Xu, Baowen},
  booktitle={Information Science and Engineering, 2008. ISISE'08. International Symposium on},
  volume={2},
  pages={646--649},
  year={2008},
  organization={IEEE}
}


@inproceedings{181,
  title={Fast approaches to scalable similarity-based test case prioritization},
  author={Miranda, Breno and Cruciani, Emilio and Verdecchia, Roberto and Bertolino, Antonia},
  booktitle={Proceedings of the 40th International Conference on Software Engineering},
  pages={222--232},
  year={2018},
  organization={ACM}
}


@inproceedings{182,
  title={Test case prioritization for continuous regression testing: An industrial case study},
  author={Marijan, Dusica and Gotlieb, Arnaud and Sen, Sagar},
  booktitle={Software Maintenance (ICSM), 2013 29th IEEE International Conference on},
  pages={540--543},
  year={2013},
  organization={IEEE}
}


@inproceedings{183,
  title={Test Re-prioritization in Continuous Testing Environments},
  author={Zhu, Yuecai and Shihab, Emad and Rigby, Peter C},
  booktitle={2018 IEEE International Conference on Software Maintenance and Evolution (ICSME)},
  pages={69--79},
  year={2018},
  organization={IEEE}
}


@inproceedings{184,
  title={Effect of Time Window on the Performance of Continuous Regression Testing},
  author={Marijan, Dusica and Liaaen, Marius},
  booktitle={2016 IEEE International Conference on Software Maintenance and Evolution (ICSME)},
  pages={568--571},
  year={2016},
  organization={IEEE}
}


@inproceedings{185,
  title={Model-based test case prioritization using ACO: A review},
  author={Sharma, Sonia and Singh, Ajmer},
  booktitle={Parallel, Distributed and Grid Computing (PDGC), 2016 Fourth International Conference on},
  pages={177--181},
  year={2016},
  organization={IEEE}
}


@inproceedings{186,
  title={On the influence of model structure and test case profile on the prioritization of test cases in the context of model-based testing},
  author={Ouriques, Joao Felipe S and Cartaxo, Emanuela G and Machado, Patricia DL},
  booktitle={Software Engineering (SBES), 2013 27th Brazilian Symposium on},
  pages={119--128},
  year={2013},
  organization={IEEE}
}


@inproceedings{187,
  title={A heuristic model-based test prioritization method for regression testing},
  author={Han, Xiaobo and Zeng, Hongwei and Gao, Honghao},
  booktitle={Computer, Consumer and Control (IS3C), 2012 International Symposium on},
  pages={886--889},
  year={2012},
  organization={IEEE}
}


@inproceedings{188,
  title={A model based prioritization technique for component based software retesting using UML state chart diagram},
  author={Mohanty, Sanjukta and Acharya, Arup Abhinna and Mohapatra, Durga Prasad},
  booktitle={Electronics Computer Technology (ICECT), 2011 3rd International Conference on},
  volume={2},
  pages={364--368},
  year={2011},
  organization={IEEE}
}


@inproceedings{189,
  title={Test prioritization using system models},
  author={Korel, Bogdan and Tahat, Luay Ho and Harman, Mark},
  booktitle={Software Maintenance, 2005. ICSM'05. Proceedings of the 21st IEEE International Conference on},
  pages={559--568},
  year={2005},
  organization={IEEE}
}


@inproceedings{190,
  title={Application of system models in regression test suite prioritization},
  author={Korel, Bogdan and Koutsogiannakis, George and Tahat, Luay H},
  booktitle={Software Maintenance, 2008. ICSM 2008. IEEE International Conference on},
  pages={247--256},
  year={2008},
  organization={IEEE}
}


@inproceedings{191,
  title={Using mutant stubbornness to create minimal and prioritized test sets},
  author={Gonzalez-Hernandez, Loreto and Lindstr{\"o}m, Birgitta and Offutt, Jeff and Andler, Sten F and Potena, Pasqualina and Bohlin, Markus},
  booktitle={2018 IEEE International Conference on Software Quality, Reliability and Security (QRS)},
  pages={446--457},
  year={2018},
  organization={IEEE}
}


@inproceedings{192,
  title={Mutation-based test-case prioritization in software evolution},
  author={Lou, Yiling and Hao, Dan and Zhang, Lu},
  booktitle={Software Reliability Engineering (ISSRE), 2015 IEEE 26th International Symposium on},
  pages={46--57},
  year={2015},
  organization={IEEE}
}


@inproceedings{193,
  title={A controlled experiment assessing test case prioritization techniques via mutation faults},
  author={Do, Hyunsook and Rothermel, Gregg},
  booktitle={Software Maintenance, 2005. ICSM'05. Proceedings of the 21st IEEE International Conference on},
  pages={411--420},
  year={2005},
  organization={IEEE}
}


@inproceedings{194,
  title={A novel approach for test case prioritization},
  author={Maheswari, R Uma and JeyaMala, D},
  booktitle={Computational Intelligence and Computing Research (ICCIC), 2013 IEEE International Conference on},
  pages={1--5},
  year={2013},
  organization={IEEE}
}


@inproceedings{195,
  title={Test case prioritization using adaptive random sequence with category-partition-based distance},
  author={Zhang, Xiaofang and Xie, Xiaoyuan and Chen, Tsong Yueh},
  booktitle={Software Quality, Reliability and Security (QRS), 2016 IEEE International Conference on},
  pages={374--385},
  year={2016},
  organization={IEEE}
}


@inproceedings{196,
  title={Requirement dependencies-based formal approach for test case prioritization in regression testing},
  author={Vescan, Andreea and {\c{S}}erban, Camelia and Chis{\u{a}}li{\c{t}}{\u{a}}-Cretu, Camelia and Dio{\c{s}}an, Laura},
  booktitle={Intelligent Computer Communication and Processing (ICCP), 2017 13th IEEE International Conference on},
  pages={181--188},
  year={2017},
  organization={IEEE}
}


@inproceedings{197,
  title={Using Controlled Numbers of Real Faults and Mutants to Empirically Evaluate Coverage-Based Test Case Prioritization},
  author={Paterson, David and Kapfhammer, Gregory M and Fraser, Gordon and McMinn, Phil},
  booktitle={Proceedings of the International Workshop on Automation of Software Test (AST 2018)},
  year={2018},
  organization={IEEE}
}


@inproceedings{198,
  title={Using string distances for test case prioritisation},
  author={Ledru, Yves and Petrenko, Alexandre and Boroday, Sergiy},
  booktitle={Proceedings of the 2009 IEEE/ACM International Conference on Automated Software Engineering},
  pages={510--514},
  year={2009},
  organization={IEEE Computer Society}
}


@inproceedings{199,
  title={Experience report: automated system level regression test prioritization using multiple factors},
  author={Strandberg, Per Erik and Sundmark, Daniel and Afzal, Wasif and Ostrand, Thomas J and Weyuker, Elaine J},
  booktitle={2016 IEEE 27th International Symposium on Software Reliability Engineering (ISSRE)},
  pages={12--23},
  year={2016},
  organization={IEEE}
}


@article{200,
  title={Automated System-Level Regression Test Prioritization in a Nutshell},
  author={Strandberg, Per Erik and Afzal, Wasif and Ostrand, Thomas J and Weyuker, Elaine J and Sundmark, Daniel},
  journal={IEEE Software},
  volume={34},
  number={4},
  pages={30--37},
  year={2017},
  publisher={IEEE}
}


@article{201,
  title={A tool for combination-based prioritization and reduction of user-session-based test suites},
  author={Sampath, Sreedevi and Bryce, Renee C and Jain, Sachin and Manchester, Schuyler},
  year={2011},
  publisher={IEEE}
}


@inproceedings{202,
  title={Prioritizing user-session-based test cases for web applications testing},
  author={Sampath, Sreedevi and Bryce, Renee C and Viswanath, Gokulanand and Kandimalla, Vani and Koru, A Gunes},
  booktitle={Software Testing, Verification, and Validation, 2008 1st International Conference on},
  pages={141--150},
  year={2008},
  organization={IEEE}
}


@inproceedings{203,
  title={A two-level prioritization approach for regression testing of web applications},
  author={Garg, Deepak and Datta, Amitava and French, Tim},
  booktitle={Software Engineering Conference (APSEC), 2012 19th Asia-Pacific},
  volume={2},
  pages={150--153},
  year={2012},
  organization={IEEE}
}


@inproceedings{204,
  title={Development test case prioritization technique in regression testing based on hybrid criteria},
  author={Dobuneh, Mojtaba Raeisi Nejad and Jawawi, Dayang NA and Ghazali, Masitah and Malakooti, Mohammad V},
  booktitle={Software Engineering Conference (MySEC), 2014 8th Malaysian},
  pages={301--305},
  year={2014},
  organization={IEEE}
}


@inproceedings{205,
  title={Test case prioritization due to database changes in web applications},
  author={Garg, Deepak and Datta, Amitava},
  booktitle={Software Testing, Verification and Validation (ICST), 2012 IEEE Fifth International Conference on},
  pages={726--730},
  year={2012},
  organization={IEEE}
}


@inproceedings{206,
  title={Sequence-based techniques for black-box test case prioritization for composite service testing},
  author={Askarunisa, A and Abirami, AM and Punitha, K Arockia Jackulin and Selvakumar, B Karthik and Arunkumar, R},
  booktitle={Computational Intelligence and Computing Research (ICCIC), 2010 IEEE International Conference on},
  pages={1--4},
  year={2010},
  organization={IEEE}
}


@inproceedings{207,
  title={Tag-based techniques for black-box test case prioritization for service testing},
  author={Mei, Lijun and Chan, WK and Tse, TH and Merkel, Robert G},
  booktitle={Quality Software, 2009. QSIC'09. 9th International Conference on},
  pages={21--30},
  year={2009},
  organization={IEEE}
}


@inproceedings{208,
  title={Test case prioritization for web service regression testing},
  author={Chen, Lin and Wang, Ziyuan and Xu, Lei and Lu, Hongmin and Xu, Baowen},
  booktitle={Service Oriented System Engineering (SOSE), 2010 Fifth IEEE International Symposium on},
  pages={173--178},
  year={2010},
  organization={IEEE}
}


@inproceedings{209,
  title={Web services regression test case prioritization},
  author={Athira, B and Samuel, Philip},
  booktitle={Computer Information Systems and Industrial Management Applications (CISIM), 2010 International Conference on},
  pages={438--443},
  year={2010},
  organization={IEEE}
}



@INPROCEEDINGS{210, 
author={R. Kavitha and V. R. Kavitha and N. Suresh Kumar}, 
booktitle={2010 INTERNATIONAL CONFERENCE ON COMMUNICATION CONTROL AND COMPUTING TECHNOLOGIES}, 
title={Requirement based test case prioritization}, 
year={2010}, 
volume={}, 
number={}, 
pages={826-829}, 
keywords={formal specification;program testing;software fault tolerance;software quality;requirement based test case prioritization;test case scheduling;fault detection;testing life cycle;system level test case prioritization;software requirement specification;user satisfaction;industrial projects;Fault detection;Complexity theory;Software algorithms;Software;Software testing;Algorithm design and analysis;Test case;test case Prioritization}, 
doi={10.1109/ICCCCT.2010.5670728}, 
ISSN={}, 
month={Oct},}

@inproceedings{google,
 author = {Elbaum, Sebastian and Rothermel, Gregg and Penix, John},
 title = {Techniques for Improving Regression Testing in Continuous Integration Development Environments},
 booktitle = {Proceedings of the 22Nd ACM SIGSOFT International Symposium on Foundations of Software Engineering},
 series = {FSE 2014},
 year = {2014},
 pages = {235--245},
 numpages = {11},
 publisher = {ACM},
 keywords = {Continuous Integration, Regression Test Selection, Regression Testing, Test Case Prioritization},
}




@inproceedings{google1,
 author = {Memon, Atif and Gao, Zebao and Nguyen, Bao and Dhanda, Sanjeev and Nickell, Eric and Siemborski, Rob and Micco, John},
 title = {Taming Google-scale Continuous Testing},
 booktitle = {Proceedings of the 39th International Conference on Software Engineering: Software Engineering in Practice Track},
 series = {ICSE-SEIP '17},
 year = {2017},
 isbn = {978-1-5386-2717-4},
 location = {Buenos Aires, Argentina},
 pages = {233--242},
 numpages = {10},
 url = {https://doi.org/10.1109/ICSE-SEIP.2017.16},
 doi = {10.1109/ICSE-SEIP.2017.16},
 acmid = {3103143},
 publisher = {IEEE Press},
 address = {Piscataway, NJ, USA},
 keywords = {continuous integration, selection, software testing},
} 

@inproceedings{google2,
 author = {Liang, Jingjing and Elbaum, Sebastian and Rothermel, Gregg},
 title = {Redefining Prioritization: Continuous Prioritization for Continuous Integration},
 booktitle = {Proceedings of the 40th International Conference on Software Engineering},
 series = {ICSE '18},
 year = {2018},
 isbn = {978-1-4503-5638-1},
 location = {Gothenburg, Sweden},
 pages = {688--698},
 numpages = {11},
 url = {http://doi.acm.org/10.1145/3180155.3180213},
 doi = {10.1145/3180155.3180213},
 acmid = {3180213},
 publisher = {ACM},
 address = {New York, NY, USA},
 keywords = {continuous integration, large scale testing, regression testing},
}

@inproceedings{cost-based,
  title={The Art of Testing Less without Sacrificing Quality},
  author={Herzig, Kim and Greiler, Michaela and Czerwonka, Jacek and Murphy, Brendan},
  booktitle={IEEE/ACM IEEE International Conference on Software Engineering},
  year={2015},
}